@article{facebook_anatomy,
    author    = {Johan Ugander and
            Brian Karrer and
            Lars Backstrom and
            Cameron Marlow},
    title     = {The Anatomy of the {Facebook} Social Graph},
    journal   = {CoRR},
    volume    = {abs/1111.4503},
    year      = {2011},
    ee        = {http://arxiv.org/abs/1111.4503},
    bibsource = {DBLP, http://dblp.uni-trier.de}
}

@misc{test_driver,
    author = {Alex Averbuch},
    title = {https://github.com/ldbc/ldbc_driver},
    month = jun,
    year = {2014},
    url = {https://github.com/ldbc/ldbc_driver}
}

@article{mcpherson2001birds,
  title={Birds of a feather: {H}omophily in social networks},
  author={McPherson, M. and Smith-Lovin, L. and Cook, J. M.},
  journal={Annual Review of Sociology},
  pages={415--444},
  year={2001},
  publisher={JSTOR}
}

@article{DBLP:journals/socnet/BaroneC18,
  author    = {Mauro Barone and
               Michele Coscia},
  title     = {Birds of a feather scam together: {T}rustworthiness homophily in a business
               network},
  journal   = {Social Networks},
  volume    = {54},
  pages     = {228--237},
  year      = {2018},
  url       = {https://doi.org/10.1016/j.socnet.2018.01.009},
  doi       = {10.1016/j.socnet.2018.01.009},
  timestamp = {Tue, 15 May 2018 15:36:00 +0200},
  biburl    = {https://dblp.org/rec/bib/journals/socnet/BaroneC18},
  bibsource = {dblp computer science bibliography, https://dblp.org}
}

@inproceedings{DBLP:conf/vldb/Moerkotte98,
  author    = {Guido Moerkotte},
  title     = {Small Materialized Aggregates: {A} Light Weight Index Structure for
               Data Warehousing},
  booktitle = {{PVLDB}},
  pages     = {476--487},
  year      = {1998},
  url       = {http://www.vldb.org/conf/1998/p476.pdf},
  timestamp = {Wed, 29 Mar 2017 16:45:24 +0200},
  biburl    = {http://dblp.uni-trier.de/rec/bib/conf/vldb/Moerkotte98},
  bibsource = {dblp computer science bibliography, http://dblp.org}
}

@inproceedings{DBLP:conf/semweb/SpasicJP16,
	author    = {Mirko Spasic and
	Milos Jovanovik and
	Arnau Prat{-}P{\'{e}}rez},
	title     = {An {RDF} Dataset Generator for the {S}ocial {N}etwork {B}enchmark with Real-World
	Coherence},
	booktitle = {{BLINK} at {ISWC}},
	year      = {2016},
	url       = {http://ceur-ws.org/Vol-1700/paper-02.pdf},
	timestamp = {Mon, 10 Oct 2016 15:42:52 +0200},
	biburl    = {http://dblp.uni-trier.de/rec/bib/conf/semweb/SpasicJP16},
	bibsource = {dblp computer science bibliography, http://dblp.org}
}

@article{DBLP:journals/sigmod/AnglesBLF0ENMKT14,
	author    = {Renzo Angles and
	Peter A. Boncz and
	Josep{-}Lluis Larriba{-}Pey and
	Irini Fundulaki and
	Thomas Neumann and
	Orri Erling and
	Peter Neubauer and
	Norbert Mart{\'{\i}}nez{-}Bazan and
	Venelin Kotsev and
	Ioan Toma},
	title     = {The {L}inked {D}ata {B}enchmark {C}ouncil: {A} graph and {RDF} industry benchmarking
	effort},
	journal   = {{SIGMOD} Record},
	volume    = {43},
	number    = {1},
	pages     = {27--31},
	year      = {2014},
	url       = {http://doi.acm.org/10.1145/2627692.2627697},
	doi       = {10.1145/2627692.2627697},
	timestamp = {Wed, 04 Jun 2014 21:15:24 +0200},
	biburl    = {http://dblp.uni-trier.de/rec/bib/journals/sigmod/AnglesBLF0ENMKT14},
	bibsource = {dblp computer science bibliography, http://dblp.org}
}

@inproceedings{DBLP:conf/btw/NeumannM09,
	author    = {Thomas Neumann and
	Guido Moerkotte},
	title     = {A Framework for Reasoning about Share Equivalence and Its Integration
	into a Plan Generator},
	booktitle = {{BTW}},
	pages     = {7--26},
	year      = {2009},
	url       = {http://subs.emis.de/LNI/Proceedings/Proceedings144/article5220.html},
	timestamp = {Wed, 19 Dec 2012 08:25:32 +0100},
	biburl    = {http://dblp.uni-trier.de/rec/bib/conf/btw/NeumannM09},
	bibsource = {dblp computer science bibliography, http://dblp.org}
}

@article{DBLP:journals/csur/Graefe93,
	author    = {Goetz Graefe},
	title     = {Query Evaluation Techniques for Large Databases},
	journal   = {{ACM} Comput. Surv.},
	volume    = {25},
	number    = {2},
	pages     = {73--170},
	year      = {1993},
	url       = {http://doi.acm.org/10.1145/152610.152611},
	doi       = {10.1145/152610.152611},
	timestamp = {Wed, 29 Mar 2017 16:45:28 +0200},
	biburl    = {http://dblp.uni-trier.de/rec/bib/journals/csur/Graefe93},
	bibsource = {dblp computer science bibliography, http://dblp.org}
}

@inproceedings{DBLP:conf/tpctc/PhamBE12,
	author    = {Minh{-}Duc Pham and
	Peter A. Boncz and
	Orri Erling},
	title     = {{S3G2:} {A} Scalable Structure-Correlated Social Graph Generator},
	booktitle = {Selected Topics in Performance Evaluation and Benchmarking - 4th {TPC}
	Technology Conference, {TPCTC} 2012, Istanbul, Turkey, August 27,
	2012, Revised Selected Papers},
	pages     = {156--172},
	year      = {2012},
	url       = {https://doi.org/10.1007/978-3-642-36727-4_11},
	doi       = {10.1007/978-3-642-36727-4_11},
	timestamp = {Tue, 23 May 2017 01:12:14 +0200},
	biburl    = {http://dblp.uni-trier.de/rec/bib/conf/tpctc/PhamBE12},
	bibsource = {dblp computer science bibliography, http://dblp.org}
}

@article{DBLP:journals/sosym/SzarnyasIRV18,
  author    = {G{\'{a}}bor Sz{\'{a}}rnyas and
               Benedek Izs{\'{o}} and
               Istv{\'{a}}n R{\'{a}}th and
               D{\'{a}}niel Varr{\'{o}}},
  title     = {The {Train Benchmark}: {Cross}-technology performance evaluation of continuous model queries},
  journal   = {Softw. Syst. Model.},
  publisher = {Springer},
  volume    = {17},
  number    = {4},
  pages     = {1365--1393},
  year      = {2018},
  url       = {https://doi.org/10.1007/s10270-016-0571-8},
  doi       = {10.1007/s10270-016-0571-8},
  timestamp = {Fri, 07 Sep 2018 14:25:47 +0200},
  biburl    = {https://dblp.org/rec/bib/journals/sosym/SzarnyasIRV18},
  bibsource = {dblp computer science bibliography, https://dblp.org}
}

@article{DBLP:journals/csur/AnglesABHRV17,
  author    = {Renzo Angles and
               Marcelo Arenas and
               Pablo Barcel{\'{o}} and
               Aidan Hogan and
               Juan L. Reutter and
               Domagoj Vrgoc},
  title     = {Foundations of Modern Query Languages for Graph Databases},
  journal   = {{ACM} Comput. Surv.},
  volume    = {50},
  number    = {5},
  pages     = {68:1--68:40},
  year      = {2017},
  url       = {http://doi.acm.org/10.1145/3104031},
  doi       = {10.1145/3104031},
  timestamp = {Mon, 27 Nov 2017 18:06:03 +0100},
  biburl    = {https://dblp.org/rec/bib/journals/csur/AnglesABHRV17},
  bibsource = {dblp computer science bibliography, https://dblp.org}
}

@article{DBLP:journals/fuin/HabelHT96,
  author    = {Annegret Habel and
               Reiko Heckel and
               Gabriele Taentzer},
  title     = {Graph Grammars with Negative Application Conditions},
  journal   = {Fundam. Inform.},
  volume    = {26},
  number    = {3/4},
  pages     = {287--313},
  year      = {1996},
  url       = {https://doi.org/10.3233/FI-1996-263404},
  doi       = {10.3233/FI-1996-263404},
  timestamp = {Sat, 20 May 2017 00:23:06 +0200},
  biburl    = {https://dblp.org/rec/bib/journals/fuin/HabelHT96},
  bibsource = {dblp computer science bibliography, https://dblp.org}
}

@article{DBLP:journals/ase/DayarathnaS14,
  author    = {Miyuru Dayarathna and
               Toyotaro Suzumura},
  title     = {Graph database benchmarking on cloud environments with {XGDBench}},
  journal   = {Autom. Softw. Eng.},
  volume    = {21},
  number    = {4},
  pages     = {509--533},
  year      = {2014},
  url       = {https://doi.org/10.1007/s10515-013-0138-7},
  doi       = {10.1007/s10515-013-0138-7},
  timestamp = {Thu, 18 May 2017 09:53:07 +0200},
  biburl    = {https://dblp.org/rec/bib/journals/ase/DayarathnaS14},
  bibsource = {dblp computer science bibliography, https://dblp.org}
}

@article{DBLP:journals/sp/BeamerAP13,
  author    = {Scott Beamer and
               Krste Asanovic and
               David A. Patterson},
  title     = {Direction-optimizing breadth-first search},
  journal   = {Scientific Programming},
  volume    = {21},
  number    = {3-4},
  pages     = {137--148},
  year      = {2013},
  url       = {https://doi.org/10.3233/SPR-130370},
  doi       = {10.3233/SPR-130370},
  timestamp = {Sun, 28 May 2017 13:22:10 +0200},
  biburl    = {https://dblp.org/rec/bib/journals/sp/BeamerAP13},
  bibsource = {dblp computer science bibliography, https://dblp.org}
}

@inproceedings{DBLP:conf/sigmod/PratD14,
  author    = {Arnau Prat{-}P{\'{e}}rez and
               David Dom{\'{\i}}nguez{-}Sal},
  title     = {How community-like is the structure of synthetically generated graphs?},
  booktitle = {{GRADES} at {SIGMOD}},
  xxbooktitle = {Second International Workshop on Graph Data Management Experiences
               and Systems, {GRADES} 2014, co-loated with {SIGMOD/PODS} 2014, Snowbird,
               Utah, USA, June 22, 2014},
  pages     = {7:1--7:9},
  year      = {2014},
  url       = {http://doi.acm.org/10.1145/2621934.2621942},
  doi       = {10.1145/2621934.2621942},
  timestamp = {Tue, 09 May 2017 12:33:26 +0200},
  biburl    = {https://dblp.org/rec/bib/conf/sigmod/PratD14},
  bibsource = {dblp computer science bibliography, https://dblp.org}
}

@inproceedings{DBLP:conf/vldb/PalpanasSCP02,
	author    = {Themistoklis Palpanas and others},
	xxauthor    = {Themistoklis Palpanas and
	Richard Sidle and
	Roberta Cochrane and
	Hamid Pirahesh},
	title     = {Incremental Maintenance for Non-Distributive Aggregate
	Functions},
	xxbooktitle = {{VLDB} 2002, Proceedings of 28th International Conference on
	Very
	Large Data Bases, August 20-23, 2002, Hong Kong, China},
	booktitle = {{VLDB}},
	pages     = {802--813},
	xxpublisher = {Morgan Kaufmann},
	year      = {2002},
	xxurl       = {http://www.vldb.org/conf/2002/S22P04.pdf},
	timestamp = {Mon, 17 Sep 2012 22:01:48 +0200},
	biburl    = {http://dblp.org/rec/bib/conf/vldb/PalpanasSCP02},
	bibsource = {dblp computer science bibliography, http://dblp.org}
}

@article{DBLP:journals/datamine/GrayCBLRVPP97,
	author    = {Jim Gray and others},
	xxauthor    = {Jim Gray and
	Surajit Chaudhuri and
	Adam Bosworth and
	Andrew Layman and
	Don Reichart and
	Murali Venkatrao and
	Frank Pellow and
	Hamid Pirahesh},
	title     = {Data Cube: {A} Relational Aggregation Operator Generalizing
	Group-by,
	Cross-Tab, and Sub Totals},
	journal   = {Data Min. Knowl. Discov.},
	volume    = {1},
	number    = {1},
	pages     = {29--53},
	year      = {1997},
	xxurl       = {https://doi.org/10.1023/A:1009726021843},
	doi       = {10.1023/A:1009726021843},
	timestamp = {Mon, 06 Nov 2017 16:35:12 +0100},
	biburl    = {http://dblp.org/rec/bib/journals/datamine/GrayCBLRVPP97},
	bibsource = {dblp computer science bibliography, http://dblp.org}
}

@incollection{Wisconsin,
	author    = {David J. DeWitt},
	title     = {The {W}isconsin {B}enchmark: {P}ast, Present, and Future},
	booktitle = {The Benchmark Handbook},
	pages     = {119--165},
	year      = {1991},
	timestamp = {Thu, 03 Jan 2002 11:51:32 +0100},
	biburl    = {http://dblp.uni-trier.de/rec/bib/books/mk/gray91/DeWitt91},
	bibsource = {dblp computer science bibliography, http://dblp.org}
}

@inproceedings{DBLP:conf/vldb/BittonDT83,
  author    = {Dina Bitton and
               David J. DeWitt and
               Carolyn Turbyfill},
  title     = {Benchmarking Database Systems {A} Systematic Approach},
  booktitle = {{VLDB}},
  xxbooktitle = {9th International Conference on Very Large Data Bases, October 31
               - November 2, 1983, Florence, Italy, Proceedings},
  pages     = {8--19},
  year      = {1983},
  url       = {http://www.vldb.org/conf/1983/P008.PDF},
  timestamp = {Wed, 29 Mar 2017 16:45:23 +0200},
  biburl    = {http://dblp.org/rec/bib/conf/vldb/BittonDT83},
  bibsource = {dblp computer science bibliography, http://dblp.org}
}


@article{BSBM,
	author = {Christian Bizer and Andreas Schultz},
	title = {The {B}erlin {SPARQL} Benchmark},
	volume = 5,
	number = 2,
	journal = {International Journal on Semantic Web \& Information Systems},
	year = {2009}
}

@inproceedings{SP2Bench,
	author = {Michael Schmidt and Thomas Hornung and Georg Lausen and Christoph Pinkel},
	title = {{SP2Bench}: {A} {SPARQL} Performance Benchmark},
	booktitle = {International Conference on Data Engineering},
	pages = {222--233},
	year = {2009},
	publisher = {IEEE}
}

@inproceedings{DBpedia,
	author = {Morsey, Mohamed and Lehmann, Jens and Auer, S\"{o}ren and Ngomo, Axel-Cyrille Ngonga},
	title = {{DBpedia} {SPARQL} benchmark: {P}erformance Assessment with Real Queries on Real Data},
	booktitle = {International Semantic Web Conference},
	year = {2011},
	isbn = {978-3-642-25072-9},
	pages = {454--469},
	numpages = {16},
	url = {http://dl.acm.org/citation.cfm?id=2063016.2063046},
	acmid = {2063046},
	publisher = {Springer},
}

@article{LUBM,
	author = {Yuanbo Guo and Zhengxiang Pan and Jeff Heflin},
	title = {{LUBM}: {A} Benchmark for {OWL} Knowledge Base Systems},
	volume = 3,
	number = 2,
	pages = {158--182},
	journal = {Journal of Web Semantics},
	year = {2005}
}

@article{gMark,
  author    = {Guillaume Bagan and
               Angela Bonifati and
               Radu Ciucanu and
               George H. L. Fletcher and
               Aur{\'{e}}lien Lemay and
               Nicky Advokaat},
  title     = {{gMark}: {S}chema-Driven Generation of Graphs and Queries},
  journal   = {{IEEE} Trans. Knowl. Data Eng.},
  volume    = {29},
  number    = {4},
  pages     = {856--869},
  year      = {2017},
  url       = {https://doi.org/10.1109/TKDE.2016.2633993},
  doi       = {10.1109/TKDE.2016.2633993},
  timestamp = {Sat, 20 May 2017 00:24:24 +0200},
  biburl    = {http://dblp.org/rec/bib/journals/tkde/BaganBCFLA17},
  bibsource = {dblp computer science bibliography, http://dblp.org}
}

@inproceedings{DBLP:conf/semweb/AlucHOD14,
  author    = {G{\"{u}}nes Alu{\c{c}} and
               Olaf Hartig and
               M. Tamer {\"{O}}zsu and
               Khuzaima Daudjee},
  title     = {Diversified Stress Testing of {RDF} Data Management Systems},
  booktitle = {{ISWC}},
  pages     = {197--212},
  year      = {2014},
  url       = {https://doi.org/10.1007/978-3-319-11964-9_13},
  doi       = {10.1007/978-3-319-11964-9_13},
  timestamp = {Thu, 09 Nov 2017 08:52:37 +0100},
  biburl    = {http://dblp.org/rec/bib/conf/semweb/AlucHOD14},
  bibsource = {dblp computer science bibliography, http://dblp.org}
}

@article{DBLP:journals/cacm/FlemingW86,
  author    = {Philip J. Fleming and
               John J. Wallace},
  title     = {How Not To Lie With Statistics: {T}he Correct Way To Summarize Benchmark
               Results},
  journal   = {Commun. {ACM}},
  volume    = {29},
  number    = {3},
  pages     = {218--221},
  year      = {1986},
  url       = {http://doi.acm.org/10.1145/5666.5673},
  doi       = {10.1145/5666.5673},
  timestamp = {Tue, 07 Jun 2011 16:51:45 +0200},
  biburl    = {http://dblp.org/rec/bib/journals/cacm/FlemingW86},
  bibsource = {dblp computer science bibliography, http://dblp.org}
}

@inproceedings{DBLP:conf/sigmod/FrancisGGLLMPRS18,
  author    = {Nadime Francis and
               Alastair Green and
               Paolo Guagliardo and
               Leonid Libkin and
               Tobias Lindaaker and
               Victor Marsault and
               Stefan Plantikow and
               Mats Rydberg and
               Petra Selmer and
               Andr{\'{e}}s Taylor},
  title     = {Cypher: {A}n Evolving Query Language for Property Graphs},
  booktitle = {{SIGMOD}},
  pages     = {1433--1445},
  publisher = {{ACM}},
  year      = {2018},
  url       = {http://doi.acm.org/10.1145/3183713.3190657},
  doi       = {10.1145/3183713.3190657},
  timestamp = {Sun, 27 May 2018 19:31:52 +0200},
  biburl    = {https://dblp.org/rec/bib/conf/sigmod/FrancisGGLLMPRS18},
  bibsource = {dblp computer science bibliography, https://dblp.org}
}

@inproceedings{DBLP:conf/cikm/SakrEH12,
  author    = {Sherif Sakr and
               Sameh Elnikety and
               Yuxiong He},
  title     = {{G-SPARQL:} a hybrid engine for querying large attributed graphs},
  xxbooktitle = {21st {ACM} International Conference on Information and Knowledge Management,
               CIKM'12, Maui, HI, USA, October 29 - November 02, 2012},
  booktitle = {{CIKM}},
  pages     = {335--344},
  year      = {2012},
  url       = {http://doi.acm.org/10.1145/2396761.2396806},
  doi       = {10.1145/2396761.2396806},
  timestamp = {Thu, 15 Jun 2017 21:34:57 +0200},
  biburl    = {http://dblp.org/rec/bib/conf/cikm/SakrEH12},
  bibsource = {dblp computer science bibliography, http://dblp.org}
}

@article{DBLP:journals/tods/PerezAG09,
	xxauthor    = {Jorge P{\'{e}}rez and
	Marcelo Arenas and
	Claudio Gutierrez},
	author    = {Jorge P{\'{e}}rez and others},
	title     = {Semantics and complexity of {SPARQL}},
	xxjournal   = {{ACM} Trans. Database Syst.},
	journal   = {{ACM} Trans. Database Syst.},
	volume    = {34},
	number    = {3},
	year      = {2009},
	url       = {http://doi.acm.org/10.1145/1567274.1567278},
	doi       = {10.1145/1567274.1567278},
	timestamp = {Tue, 05 Mar 2013 07:41:58 +0100},
	biburl    = {http://dblp.uni-trier.de/rec/bib/journals/tods/PerezAG09},
	bibsource = {dblp computer science bibliography, http://dblp.org}
}

@book{Gray:BenchmarkBook,
  editor    = {Jim Gray},
  title     = {The Benchmark Handbook for Database and Transaction Systems},
  publisher = {Morgan Kaufmann},
  year      = {1993},
  isbn      = {1-55860-292-5},
  timestamp = {Thu, 03 Jan 2002 11:51:33 +0100},
  edition = {2nd},
  biburl    = {http://dblp.uni-trier.de/rec/bib/books/mk/Gray93},
  bibsource = {dblp computer science bibliography, http://dblp.org}
}

@inproceedings{DBLP:conf/tpctc/Huppler09,
  author    = {Karl Huppler},
  title     = {The Art of Building a Good Benchmark},
  xxbooktitle = {Performance Evaluation and Benchmarking, First {TPC} Technology Conference,
               {TPCTC} 2009, Lyon, France, August 24-28, 2009, Revised Selected Papers},
  booktitle = {{TPCTC}},
  pages     = {18--30},
  year      = {2009},
  url       = {https://doi.org/10.1007/978-3-642-10424-4_3},
  doi       = {10.1007/978-3-642-10424-4_3},
  timestamp = {Tue, 23 May 2017 01:12:14 +0200},
  biburl    = {https://dblp.org/rec/bib/conf/tpctc/Huppler09},
  bibsource = {dblp computer science bibliography, https://dblp.org}
}

@inproceedings{DBLP:conf/cloud/PoessRJ17,
  author    = {Meikel P{\"{o}}ss and
               Tilmann Rabl and
               Hans{-}Arno Jacobsen},
  title     = {Analysis of {TPC-DS:} the first standard benchmark for SQL-based big
               data systems},
  xxbooktitle = {Proceedings of the 2017 Symposium on Cloud Computing, SoCC 2017, Santa
               Clara, CA, USA, September 24 - 27, 2017},
  booktitle = {{SoCC}},
  pages     = {573--585},
  year      = {2017},
  url       = {http://doi.acm.org/10.1145/3127479.3128603},
  doi       = {10.1145/3127479.3128603},
  timestamp = {Fri, 29 Sep 2017 11:29:02 +0200},
  biburl    = {https://dblp.org/rec/bib/conf/cloud/PoessRJ17},
  bibsource = {dblp computer science bibliography, https://dblp.org}
}

@inproceedings{DBLP:conf/vldb/OthayothP06,
  author    = {Raghunath Othayoth Nambiar and
               Meikel P{\"{o}}ss},
  title     = {The Making of {TPC-DS}},
  xxbooktitle = {Proceedings of the 32nd International Conference on Very Large Data
               Bases, Seoul, Korea, September 12-15, 2006},
  booktitle = {{VLDB}},
  pages     = {1049--1058},
  year      = {2006},
  url       = {http://dl.acm.org/citation.cfm?id=1164217},
  timestamp = {Thu, 30 Apr 2015 18:34:40 +0200},
  biburl    = {https://dblp.org/rec/bib/conf/vldb/OthayothP06},
  bibsource = {dblp computer science bibliography, https://dblp.org}
}

@article{DBLP:journals/sigmod/PoessF00,
  author    = {Meikel P{\"{o}}ss and
               Chris Floyd},
  title     = {New {TPC} Benchmarks for Decision Support and Web Commerce},
  journal   = {{SIGMOD} Record},
  volume    = {29},
  number    = {4},
  pages     = {64--71},
  year      = {2000},
  url       = {http://doi.acm.org/10.1145/369275.369291},
  doi       = {10.1145/369275.369291},
  timestamp = {Wed, 19 Sep 2012 09:16:25 +0200},
  biburl    = {https://dblp.org/rec/bib/journals/sigmod/PoessF00},
  bibsource = {dblp computer science bibliography, https://dblp.org}
}

@inproceedings{DBLP:conf/cidr/BarahmandG13,
  author    = {Sumita Barahmand and
               Shahram Ghandeharizadeh},
  title     = {{BG:} {A} Benchmark to Evaluate Interactive Social Networking Actions},
  xxbooktitle = {{CIDR} 2013, Sixth Biennial Conference on Innovative Data Systems
               Research, Asilomar, CA, USA, January 6-9, 2013, Online Proceedings},
  booktitle = {{CIDR}},
  year      = {2013},
  url       = {http://cidrdb.org/cidr2013/Papers/CIDR13_Paper93.pdf},
  timestamp = {Thu, 29 Jun 2017 19:21:39 +0200},
  biburl    = {https://dblp.org/rec/bib/conf/cidr/BarahmandG13},
  bibsource = {dblp computer science bibliography, https://dblp.org}
}

@inproceedings{DBLP:conf/sigmod/ArmstrongPBC13,
  author    = {Timothy G. Armstrong and
               Vamsi Ponnekanti and
               Dhruba Borthakur and
               Mark Callaghan},
  title     = {{LinkBench}: {A} database benchmark based on the Facebook social graph},
  xxbooktitle = {Proceedings of the {ACM} {SIGMOD} International Conference on Management
               of Data, {SIGMOD} 2013, New York, NY, USA, June 22-27, 2013},
  booktitle = {{SIGMOD}},
  pages     = {1185--1196},
  year      = {2013},
  url       = {http://doi.acm.org/10.1145/2463676.2465296},
  doi       = {10.1145/2463676.2465296},
  timestamp = {Wed, 26 Jun 2013 09:37:17 +0200},
  biburl    = {https://dblp.org/rec/bib/conf/sigmod/ArmstrongPBC13},
  bibsource = {dblp computer science bibliography, https://dblp.org}
}

@inproceedings{DBLP:conf/semweb/MorseyLAN11,
  author    = {Mohamed Morsey and
               Jens Lehmann and
               S{\"{o}}ren Auer and
               Axel{-}Cyrille Ngonga Ngomo},
  title     = {{DBpedia} {SPARQL} {B}enchmark - {P}erformance Assessment with Real Queries on Real Data},
  xxbooktitle = {The Semantic Web - {ISWC} 2011 - 10th International Semantic Web Conference,
               Bonn, Germany, October 23-27, 2011, Proceedings, Part {I}},
  booktitle = {{ISWC}},
  pages     = {454--469},
  year      = {2011},
  url       = {https://doi.org/10.1007/978-3-642-25073-6_29},
  doi       = {10.1007/978-3-642-25073-6_29},
  timestamp = {Mon, 05 Jun 2017 12:38:37 +0200},
  biburl    = {https://dblp.org/rec/bib/conf/semweb/MorseyLAN11},
  bibsource = {dblp computer science bibliography, https://dblp.org}
}

@article{DBLP:journals/ws/GuoPH05,
  author    = {Yuanbo Guo and
               Zhengxiang Pan and
               Jeff Heflin},
  title     = {{LUBM:} {A} benchmark for {OWL} knowledge base systems},
  journal   = {J. Web Sem.},
  volume    = {3},
  number    = {2-3},
  pages     = {158--182},
  year      = {2005},
  url       = {https://doi.org/10.1016/j.websem.2005.06.005},
  doi       = {10.1016/j.websem.2005.06.005},
  timestamp = {Fri, 26 May 2017 22:50:46 +0200},
  biburl    = {https://dblp.org/rec/bib/journals/ws/GuoPH05},
  bibsource = {dblp computer science bibliography, https://dblp.org}
}

@incollection{DBLP:books/sp/virgilio09/SchmidtHMPL09,
  author    = {Michael Schmidt and
               Thomas Hornung and
               Michael Meier and
               Christoph Pinkel and
               Georg Lausen},
  title     = {{SP}\({}^{\mbox{2}}\){B}ench: {A} {SPARQL} Performance Benchmark},
  booktitle = {Semantic Web Information Management - {A} Model-Based Perspective},
  pages     = {371--393},
  publisher = {Springer},
  year      = {2009},
  url       = {https://doi.org/10.1007/978-3-642-04329-1_16},
  doi       = {10.1007/978-3-642-04329-1_16},
  timestamp = {Sun, 31 Dec 2017 00:23:44 +0100},
  biburl    = {https://dblp.org/rec/bib/books/sp/virgilio09/SchmidtHMPL09},
  bibsource = {dblp computer science bibliography, https://dblp.org}
}

@article{DBLP:journals/ijswis/BizerS09,
  author    = {Christian Bizer and
               Andreas Schultz},
  title     = {The {B}erlin {SPARQL} Benchmark},
  journal   = {Int. J. Semantic Web Inf. Syst.},
  volume    = {5},
  number    = {2},
  pages     = {1--24},
  year      = {2009},
  url       = {https://doi.org/10.4018/jswis.2009040101},
  doi       = {10.4018/jswis.2009040101},
  timestamp = {Sat, 20 May 2017 00:24:06 +0200},
  biburl    = {https://dblp.org/rec/bib/journals/ijswis/BizerS09},
  bibsource = {dblp computer science bibliography, https://dblp.org}
}

@inproceedings{DBLP:conf/sc/NaiXTKL15,
  author    = {Lifeng Nai and
               Yinglong Xia and
               Ilie Gabriel Tanase and
               Hyesoon Kim and
               Ching{-}Yung Lin},
  title     = {{GraphBIG}: {U}nderstanding graph computing in the context of industrial solutions},
  xxbooktitle = {Proceedings of the International Conference for High Performance Computing,
               Networking, Storage and Analysis, {SC} 2015, Austin, TX, USA, November
               15-20, 2015},
  booktitle = {{SC}},
  pages     = {69:1--69:12},
  year      = {2015},
  url       = {http://doi.acm.org/10.1145/2807591.2807626},
  doi       = {10.1145/2807591.2807626},
  timestamp = {Tue, 03 Nov 2015 13:08:57 +0100},
  biburl    = {https://dblp.org/rec/bib/conf/sc/NaiXTKL15},
  bibsource = {dblp computer science bibliography, https://dblp.org}
}

@inproceedings{DBLP:conf/bigdataconf/ElserM13,
  author    = {Benedikt Elser and
               Alberto Montresor},
  title     = {An evaluation study of {BigData} frameworks for graph processing},
  xxbooktitle = {Proceedings of the 2013 {IEEE} International Conference on Big Data,
               6-9 October 2013, Santa Clara, CA, {USA}},
  booktitle = {{Big Data}},
  pages     = {60--67},
  year      = {2013},
  url       = {https://doi.org/10.1109/BigData.2013.6691555},
  doi       = {10.1109/BigData.2013.6691555},
  timestamp = {Thu, 01 Jun 2017 18:59:55 +0200},
  biburl    = {https://dblp.org/rec/bib/conf/bigdataconf/ElserM13},
  bibsource = {dblp computer science bibliography, https://dblp.org}
}

@inproceedings{DBLP:conf/hipc/BaderM05,
  author    = {David A. Bader and
               Kamesh Madduri},
  title     = {Design and Implementation of the {HPCS} Graph Analysis Benchmark on
               Symmetric Multiprocessors},
  xxbooktitle = {High Performance Computing - HiPC 2005, 12th International Conference,
               Goa, India, December 18-21, 2005, Proceedings},
  booktitle = {{HiPC}},
  pages     = {465--476},
  year      = {2005},
  url       = {https://doi.org/10.1007/11602569_48},
  doi       = {10.1007/11602569_48},
  timestamp = {Tue, 30 May 2017 16:36:52 +0200},
  biburl    = {https://dblp.org/rec/bib/conf/hipc/BaderM05},
  bibsource = {dblp computer science bibliography, https://dblp.org}
}

@article{DBLP:journals/debu/ShaoLWX17,
  author    = {Bin Shao and
               Yatao Li and
               Haixun Wang and
               Huanhuan Xia},
  title     = {Trinity Graph Engine and its Applications},
  journal   = {{IEEE} Data Eng. Bull.},
  volume    = {40},
  number    = {3},
  pages     = {18--29},
  year      = {2017},
  url       = {http://sites.computer.org/debull/A17sept/p18.pdf},
  timestamp = {Mon, 04 Dec 2017 11:55:53 +0100},
  biburl    = {https://dblp.org/rec/bib/journals/debu/ShaoLWX17},
  bibsource = {dblp computer science bibliography, https://dblp.org}
}

@inproceedings{DBLP:conf/grades/RestHKMC16,
  author    = {Oskar van Rest and
               Sungpack Hong and
               Jinha Kim and
               Xuming Meng and
               Hassan Chafi},
  title     = {{PGQL:} a property graph query language},
  xxbooktitle = {Proceedings of the Fourth International Workshop on Graph Data Management
               Experiences and Systems, Redwood Shores, CA, USA, June 24 - 24, 2016},
  booktitle = {{GRADES} at {SIGMOD}},
  xxpages     = {7},
  year      = {2016},
  url       = {http://doi.acm.org/10.1145/2960414.2960421},
  doi       = {10.1145/2960414.2960421},
  timestamp = {Tue, 09 May 2017 12:33:26 +0200},
  biburl    = {https://dblp.org/rec/bib/conf/grades/RestHKMC16},
  bibsource = {dblp computer science bibliography, https://dblp.org}
}

@article{DBLP:journals/vldb/YildirimCZ12,
  author    = {Hilmi Yildirim and
               Vineet Chaoji and
               Mohammed J. Zaki},
  title     = {{GRAIL:} a scalable index for reachability queries in very large graphs},
  journal   = {{VLDB} J.},
  volume    = {21},
  number    = {4},
  pages     = {509--534},
  year      = {2012},
  url       = {https://doi.org/10.1007/s00778-011-0256-4},
  doi       = {10.1007/s00778-011-0256-4},
  timestamp = {Fri, 09 Jun 2017 11:02:40 +0200},
  biburl    = {https://dblp.org/rec/bib/journals/vldb/YildirimCZ12},
  bibsource = {dblp computer science bibliography, https://dblp.org}
}

@inproceedings{DBLP:conf/vldb/DonjerkovicR99,
  author    = {Donko Donjerkovic and
               Raghu Ramakrishnan},
  title     = {Probabilistic Optimization of Top {N} Queries},
  xxbooktitle = {VLDB'99, Proceedings of 25th International Conference on Very Large
               Data Bases, September 7-10, 1999, Edinburgh, Scotland, {UK}},
  booktitle = {{VLDB}},
  pages     = {411--422},
  year      = {1999},
  url       = {http://www.vldb.org/conf/1999/P40.pdf},
  timestamp = {Wed, 29 Mar 2017 16:45:24 +0200},
  biburl    = {https://dblp.org/rec/bib/conf/vldb/DonjerkovicR99},
  bibsource = {dblp computer science bibliography, https://dblp.org}
}

@Book{PostgreSQL,
	author = 	 {Bruce Momjian},
	title = 	 {{P}ostgre{SQL}: {I}ntroduction and Concepts},
	publisher = 	 {Addison-Wesley},
	year = 	 {2000}
}

@inproceedings{DBLP:conf/icde/Martinez-BazanGE11,
  author    = {Norbert Mart{\'{\i}}nez{-}Bazan and
               Sergio G{\'{o}}mez{-}Villamor and
               Francesc Escale{-}Claveras},
  title     = {{DEX:} {A} high-performance graph database management system},
  xxbooktitle = {Workshops Proceedings of the 27th International Conference on Data
               Engineering, {ICDE} 2011, April 11-16, 2011, Hannover, Germany},
  booktitle = {2nd International Workshop on Graph Data Management: Techniques and Applications ({GDM}) at {ICDE}},
  pages     = {124--127},
  year      = {2011},
  url       = {https://doi.org/10.1109/ICDEW.2011.5767616},
  doi       = {10.1109/ICDEW.2011.5767616},
  timestamp = {Wed, 17 May 2017 10:55:18 +0200},
  biburl    = {https://dblp.org/rec/bib/conf/icde/Martinez-BazanGE11},
  bibsource = {dblp computer science bibliography, https://dblp.org}
}

@inproceedings{DBLP:conf/tpctc/GubichevB14,
  author    = {Andrey Gubichev and
               Peter A. Boncz},
  title     = {Parameter Curation for Benchmark Queries},
  booktitle = {{TPCTC}},
  series    = {Lecture Notes in Computer Science},
  volume    = {8904},
  pages     = {113--129},
  publisher = {Springer},
  year      = {2014}
}

@inproceedings{DBLP:conf/sigmod/RaasveldtHGM18,
  author    = {Mark Raasveldt and
               Pedro Holanda and
               Tim Gubner and
               Hannes M{\"{u}}hleisen},
  title     = {Fair Benchmarking Considered Difficult: {C}ommon Pitfalls In Database Performance Testing},
  booktitle = {{DBTest} at {SIGMOD}},
  pages     = {2:1--2:6},
  publisher = {{ACM}},
  year      = {2018},
  url       = {http://doi.acm.org/10.1145/3209950.3209955},
  doi       = {10.1145/3209950.3209955},
  timestamp = {Fri, 08 Jun 2018 08:38:58 +0200},
  biburl    = {https://dblp.org/rec/bib/conf/sigmod/RaasveldtHGM18},
  bibsource = {dblp computer science bibliography, https://dblp.org}
}

@article{DBLP:journals/pvldb/RaasveldtM17,
  author    = {Mark Raasveldt and
               Hannes M{\"{u}}hleisen},
  title     = {Don't Hold My Data Hostage - {A} Case For Client Protocol Redesign},
  journal   = {Proc. {VLDB} Endow.},
  volume    = {10},
  number    = {10},
  pages     = {1022--1033},
  year      = {2017},
  url       = {http://www.vldb.org/pvldb/vol10/p1022-muehleisen.pdf},
  doi       = {10.14778/3115404.3115408},
  timestamp = {Sat, 25 Apr 2020 13:59:44 +0200},
  biburl    = {https://dblp.org/rec/journals/pvldb/RaasveldtM17.bib},
  bibsource = {dblp computer science bibliography, https://dblp.org}
}

@inproceedings{DBLP:conf/sigmod/RaasveldtM19,
  author    = {Mark Raasveldt and
               Hannes M{\"{u}}hleisen},
  title     = {{DuckDB}: {A}n Embeddable Analytical Database},
  booktitle = {{SIGMOD}},
  pages     = {1981--1984},
  publisher = {{ACM}},
  year      = {2019},
  url       = {https://doi.org/10.1145/3299869.3320212},
  doi       = {10.1145/3299869.3320212},
  timestamp = {Sat, 22 Jun 2019 17:10:04 +0200},
  biburl    = {https://dblp.org/rec/conf/sigmod/RaasveldtM19.bib},
  bibsource = {dblp computer science bibliography, https://dblp.org}
}


@article{DBLP:journals/sigmod/NgoRR13,
  author    = {Hung Q. Ngo and
               Christopher R{\'{e}} and
               Atri Rudra},
  title     = {Skew strikes back: {N}ew developments in the theory of join algorithms},
  journal   = {{SIGMOD} Rec.},
  volume    = {42},
  number    = {4},
  pages     = {5--16},
  year      = {2013},
  url       = {https://doi.org/10.1145/2590989.2590991},
  doi       = {10.1145/2590989.2590991},
  timestamp = {Fri, 06 Mar 2020 21:55:55 +0100},
  biburl    = {https://dblp.org/rec/journals/sigmod/NgoRR13.bib},
  bibsource = {dblp computer science bibliography, https://dblp.org}
}

@article{DBLP:journals/pvldb/FreitagBSKN20,
  author    = {Michael J. Freitag and
               Maximilian Bandle and
               Tobias Schmidt and
               Alfons Kemper and
               Thomas Neumann},
  title     = {Adopting Worst-Case Optimal Joins in Relational Database Systems},
  journal   = {VLDB},
  volume    = {13},
  number    = {11},
  pages     = {1891--1904},
  year      = {2020},
  url       = {http://www.vldb.org/pvldb/vol13/p1891-freitag.pdf},
  timestamp = {Mon, 17 Aug 2020 18:32:39 +0200},
  biburl    = {https://dblp.org/rec/journals/pvldb/FreitagBSKN20.bib},
  bibsource = {dblp computer science bibliography, https://dblp.org}
}

@article{DBLP:journals/pvldb/GuptaSGGZLL14,
  author    = {Pankaj Gupta and
               Venu Satuluri and
               Ajeet Grewal and
               Siva Gurumurthy and
               Volodymyr Zhabiuk and
               Quannan Li and
               Jimmy Lin},
  title     = {Real-Time Twitter Recommendation: {O}nline Motif Detection in Large Dynamic Graphs},
  journal   = {Proc. {VLDB} Endow.},
  volume    = {7},
  number    = {13},
  pages     = {1379--1380},
  year      = {2014},
  url       = {http://www.vldb.org/pvldb/vol7/p1379-lin.pdf},
  doi       = {10.14778/2733004.2733010},
  timestamp = {Fri, 27 Aug 2021 11:12:55 +0200},
  biburl    = {https://dblp.org/rec/journals/pvldb/GuptaSGGZLL14.bib},
  bibsource = {dblp computer science bibliography, https://dblp.org}
}

@article{DBLP:journals/pvldb/BakibayevOZ12,
  author    = {Nurzhan Bakibayev and
               Dan Olteanu and
               Jakub Zavodny},
  title     = {{FDB:} {A} Query Engine for Factorised Relational Databases},
  journal   = {Proc. {VLDB} Endow.},
  volume    = {5},
  number    = {11},
  pages     = {1232--1243},
  year      = {2012},
  url       = {http://vldb.org/pvldb/vol5/p1232_nurzhanbakibayev_vldb2012.pdf},
  doi       = {10.14778/2350229.2350242},
  timestamp = {Sat, 25 Apr 2020 13:58:45 +0200},
  biburl    = {https://dblp.org/rec/journals/pvldb/BakibayevOZ12.bib},
  bibsource = {dblp computer science bibliography, https://dblp.org}
}

@article{DBLP:journals/corr/abs-1210-0481,
  author    = {Todd L. Veldhuizen},
  title     = {Leapfrog Triejoin: a worst-case optimal join algorithm},
  journal   = {CoRR},
  volume    = {abs/1210.0481},
  year      = {2012},
  url       = {http://arxiv.org/abs/1210.0481},
  xxeprinttype = {arXiv},
  xxeprint    = {1210.0481},
  timestamp = {Mon, 13 Aug 2018 16:48:31 +0200},
  biburl    = {https://dblp.org/rec/journals/corr/abs-1210-0481.bib},
  bibsource = {dblp computer science bibliography, https://dblp.org}
}

@article{DBLP:journals/pvldb/MhedhbiS19,
  author    = {Amine Mhedhbi and
               Semih Salihoglu},
  title     = {Optimizing Subgraph Queries by Combining Binary and Worst-Case Optimal Joins},
  journal   = {Proc. {VLDB} Endow.},
  volume    = {12},
  number    = {11},
  pages     = {1692--1704},
  year      = {2019},
  url       = {http://www.vldb.org/pvldb/vol12/p1692-mhedhbi.pdf},
  doi       = {10.14778/3342263.3342643},
  timestamp = {Sat, 25 Apr 2020 13:58:37 +0200},
  biburl    = {https://dblp.org/rec/journals/pvldb/MhedhbiS19.bib},
  bibsource = {dblp computer science bibliography, https://dblp.org}
}

@inproceedings{DBLP:conf/sigmod/DeutschXWL20,
  author    = {Alin Deutsch and
               Yu Xu and
               Mingxi Wu and
               Victor E. Lee},
  title     = {Aggregation Support for Modern Graph Analytics in {TigerGraph}},
  booktitle = {{SIGMOD}},
  pages     = {377--392},
  publisher = {{ACM}},
  year      = {2020},
  url       = {https://doi.org/10.1145/3318464.3386144},
  doi       = {10.1145/3318464.3386144},
  timestamp = {Fri, 21 Aug 2020 17:36:54 +0200},
  biburl    = {https://dblp.org/rec/conf/sigmod/DeutschXWL20.bib},
  bibsource = {dblp computer science bibliography, https://dblp.org}
}

@inproceedings{DBLP:conf/kdd/LeskovecBKT08,
  author    = {Jure Leskovec and
               Lars Backstrom and
               Ravi Kumar and
               Andrew Tomkins},
  title     = {Microscopic evolution of social networks},
  booktitle = {{KDD}},
  pages     = {462--470},
  year      = {2008},
  url       = {http://doi.acm.org/10.1145/1401890.1401948},
  doi       = {10.1145/1401890.1401948},
  timestamp = {Sat, 16 Sep 2017 12:09:52 +0200},
  biburl    = {https://dblp.org/rec/bib/conf/kdd/LeskovecBKT08},
  bibsource = {dblp computer science bibliography, https://dblp.org}
}

@inproceedings{DBLP:conf/sigmod/AnglesABBFGLPPS18,
  author    = {Renzo Angles and
               Marcelo Arenas and
               Pablo Barcel{\'{o}} and
               Peter A. Boncz and
               George H. L. Fletcher and
               Claudio Gutierrez and
               Tobias Lindaaker and
               Marcus Paradies and
               Stefan Plantikow and
               Juan F. Sequeda and
               Oskar van Rest and
               Hannes Voigt},
  title     = {{G-CORE:} {A} Core for Future Graph Query Languages},
  booktitle = {{SIGMOD}},
  pages     = {1421--1432},
  publisher = {{ACM}},
  year      = {2018},
  url       = {http://doi.acm.org/10.1145/3183713.3190654},
  doi       = {10.1145/3183713.3190654},
  timestamp = {Sun, 27 May 2018 19:31:52 +0200},
  biburl    = {https://dblp.org/rec/bib/conf/sigmod/AnglesABBFGLPPS18},
  bibsource = {dblp computer science bibliography, https://dblp.org}
}

@inproceedings{DBLP:conf/grades/PacaciZLO17,
  author    = {Anil Pacaci and
               Alice Zhou and
               Jimmy Lin and
               M. Tamer {\"{O}}zsu},
  title     = {Do We Need Specialized Graph Databases? {B}enchmarking Real-Time Social
               Networking Applications},
  booktitle = {GRADES at SIGMOD},
  pages     = {12:1--12:7},
  year      = {2017},
  url       = {http://doi.acm.org/10.1145/3078447.3078459},
  doi       = {10.1145/3078447.3078459},
  timestamp = {Tue, 18 Jul 2017 08:08:15 +0200},
  biburl    = {https://dblp.org/rec/bib/conf/grades/PacaciZLO17},
  bibsource = {dblp computer science bibliography, https://dblp.org}
}

@article{DBLP:journals/pvldb/LissandriniBV18,
  author    = {Matteo Lissandrini and
               Martin Brugnara and
               Yannis Velegrakis},
  title     = {Beyond Macrobenchmarks: {M}icrobenchmark-based Graph Database Evaluation},
  journal   = {{PVLDB}},
  volume    = {12},
  number    = {4},
  pages     = {390--403},
  year      = {2018},
  url       = {http://www.vldb.org/pvldb/vol12/p390-lissandrini.pdf},
  timestamp = {Tue, 02 Apr 2019 16:58:05 +0200},
  biburl    = {https://dblp.org/rec/bib/journals/pvldb/LissandriniBV18},
  bibsource = {dblp computer science bibliography, https://dblp.org}
}

@inproceedings{DBLP:conf/semweb/MagliacaneBV12,
  author    = {Sara Magliacane and
               Alessandro Bozzon and
               Emanuele Della Valle},
  title     = {Efficient Execution of Top-K {SPARQL} Queries},
  booktitle = {ISWC},
  pages     = {344--360},
  publisher = {Springer},
  year      = {2012},
  url       = {https://doi.org/10.1007/978-3-642-35176-1_22},
  doi       = {10.1007/978-3-642-35176-1_22},
  timestamp = {Tue, 14 May 2019 10:00:53 +0200},
  biburl    = {https://dblp.org/rec/bib/conf/semweb/MagliacaneBV12},
  bibsource = {dblp computer science bibliography, https://dblp.org}
}

@misc{ldbc_byelaws,
  title={{Byelaws of the Linked Data Benchmark Council v1.3}},
  author={LDBC},
  year={2021},
  note={\url{https://ldbcouncil.org/docs/LDBC.Byelaws.1.3.ADOPTED.2021-01-14.pdf}}
}

@misc{auditing_presentation,
    author = {Moritz Kaufmann},
    title = {{LDBC} {SNB} Benchmark Auditing},
    year = {2015},
    note = {Presented at the 6th LDBC TUC.},
    url = {https://www.slideshare.net/ldbcouncil/ldbc-snb-benchmark-auditing},
}

@misc{pricing,
    author = {Moritz Kaufmann},
    title = {Examining the {TPC} Pricing Specification 2.0.0},
    year = {2017},
    note = {Presented at the 9th LDBC TUC.},
    url = {https://ldbcouncil.org/event/ninth-tuc-meeting/attachments/59277315/75431947.pdf},
}

@misc{tpcc,
  author={{TPC (Transaction Processing Performance Council)}},
  title={{TPC Benchmark C}, revision 5.11},
  url={http://www.tpc.org/tpc_documents_current_versions/pdf/tpc-c_v5.11.0.pdf},
  pages={1--132},
  year={2010}
}

@article{tpch,
  author={{TPC (Transaction Processing Performance Council)}},
  title={{TPC Benchmark H}, revision 2.18.0},
  url={http://www.tpc.org/tpc_documents_current_versions/pdf/tpc-h_v2.18.0.pdf},
  pages={1--138},
  year={2017}
}

@article{tpcds,
  author={{TPC (Transaction Processing Performance Council)}},
  title={{TPC Benchmark DS}, revision 2.11.0},
  url={http://www.tpc.org/tpc_documents_current_versions/pdf/tpc-ds_v2.11.0.pdf},
  pages={1--141},
  year={2019}
}

@misc{tpc-pricing,
  author={{TPC (Transaction Processing Performance Council)}},
  title={{TPC Pricing Specification}, revision 2.9.0},
  url={https://www.tpc.org/tpc_documents_current_versions/pdf/TPC-Pricing_v2.9.0.pdf},
  pages={1--68},
  year={2023}
}

@Article{Besta2019,
  author        = {Maciej Besta and Emanuel Peter and Robert Gerstenberger and Marc Fischer and Michal Podstawski and Claude Barthels and Gustavo Alonso and Torsten Hoefler},
  journal       = {CoRR},
  title         = {Demystifying Graph Databases: {A}nalysis and Taxonomy of Data Organization, System Designs, and Graph Queries},
  year          = {2019},
  volume        = {abs/1910.09017},
  xxarchiveprefix = {arXiv},
  bibsource     = {dblp computer science bibliography, https://dblp.org},
  biburl        = {https://dblp.org/rec/journals/corr/abs-1910-09017.bib},
  xxeprint        = {1910.09017},
  url           = {http://arxiv.org/abs/1910.09017},
}

@article{DBLP:journals/csur/BonifatiHPS20,
  author    = {Angela Bonifati and
               Irena Holubov{\'{a}} and
               Arnau Prat{-}P{\'{e}}rez and
               Sherif Sakr},
  title     = {Graph Generators: {S}tate of the Art and Open Challenges},
  journal   = {{ACM} Comput. Surv.},
  volume    = {53},
  number    = {2},
  pages     = {36:1--36:30},
  year      = {2020},
  url       = {https://doi.org/10.1145/3379445},
  doi       = {10.1145/3379445},
  timestamp = {Thu, 16 Jul 2020 13:49:47 +0200},
  biburl    = {https://dblp.org/rec/journals/csur/BonifatiHPS20.bib},
  bibsource = {dblp computer science bibliography, https://dblp.org}
}

@Article{Green2019,
  author    = {Alastair Green and Paolo Guagliardo and Leonid Libkin and Tobias Lindaaker and Victor Marsault and Stefan Plantikow and Martin Schuster and Petra Selmer and Hannes Voigt},
  journal   = {{PVLDB}},
  title     = {Updating Graph Databases with {C}ypher},
  year      = {2019},
  number    = {12},
  pages     = {2242--2253},
  volume    = {12},
  bibsource = {dblp computer science bibliography, https://dblp.org},
  biburl    = {https://dblp.org/rec/journals/pvldb/GreenGLLMPSSV19.bib},
  doi       = {10.14778/3352063.3352139},
  url       = {http://www.vldb.org/pvldb/vol12/p2242-green.pdf},
}

@Article{Iosup2016,
  author    = {Alexandru Iosup and Tim Hegeman and Wing Lung Ngai and Stijn Heldens and Arnau Prat{-}P{\'{e}}rez and Thomas Manhardt and Hassan Chafi and Mihai Capota and Narayanan Sundaram and Michael J. Anderson and Ilie Gabriel Tanase and Yinglong Xia and Lifeng Nai and Peter A. Boncz},
  journal   = {{PVLDB}},
  title     = {{LDBC} {G}raphalytics: {A} Benchmark for Large-Scale Graph Analysis on Parallel and Distributed Platforms},
  year      = {2016},
  number    = {13},
  pages     = {1317--1328},
  volume    = {9},
  bibsource = {dblp computer science bibliography, https://dblp.org},
  biburl    = {https://dblp.org/rec/journals/pvldb/IosupHNHPMCCSAT16.bib},
  doi       = {10.14778/3007263.3007270},
  url       = {http://www.vldb.org/pvldb/vol9/p1317-iosup.pdf},
}

@Article{Lorincz2019,
  author    = {L{\'{a}}szl{\'{o}} L\H{o}rincz and J{\'{u}}lia Koltai and Anna Fruzsina Gy\H{o}r and K{\'{a}}roly Tak{\'{a}}cs},
  journal   = {Soc. Networks},
  title     = {Collapse of an online social network: {B}urning social capital to create it?},
  year      = {2019},
  pages     = {43--53},
  volume    = {57},
  bibsource = {dblp computer science bibliography, https://dblp.org},
  biburl    = {https://dblp.org/rec/journals/socnet/LorinczKGT19.bib},
  doi       = {10.1016/j.socnet.2018.11.004},
}

@InProceedings{Pham2012,
  author    = {Minh{-}Duc Pham and Peter A. Boncz and Orri Erling},
  booktitle = {{TPCTC}},
  title     = {{S3G2:} {A} Scalable Structure-Correlated Social Graph Generator},
  year      = {2012},
  pages     = {156--172},
  publisher = {Springer},
  xxseries    = {Lecture Notes in Computer Science},
  volume    = {7755},
  bibsource = {dblp computer science bibliography, https://dblp.org},
  biburl    = {https://dblp.org/rec/conf/tpctc/PhamBE12.bib},
  doi       = {10.1007/978-3-642-36727-4_11},
  url       = {https://doi.org/10.1007/978-3-642-36727-4_11},
}

@Article{Sahu2020,
  author    = {Siddhartha Sahu and Amine Mhedhbi and Semih Salihoglu and Jimmy Lin and M. Tamer {\"{O}}zsu},
  journal   = {{VLDB} J.},
  title     = {The ubiquity of large graphs and surprising challenges of graph processing: {E}xtended survey},
  year      = {2020},
  number    = {2},
  pages     = {595--618},
  volume    = {29},
  bibsource = {dblp computer science bibliography, https://dblp.org},
  biburl    = {https://dblp.org/rec/journals/vldb/SahuMSLO20.bib},
  doi       = {10.1007/s00778-019-00548-x},
}

@Article{Shastri2019,
  author        = {Supreeth Shastri and Vinay Banakar and Melissa Wasserman and Arun Kumar and Vijay Chidambaram},
  journal       = {CoRR},
  title         = {Understanding and Benchmarking the Impact of {GDPR} on Database Systems},
  year          = {2019},
  volume        = {abs/1910.00728},
  xxarchiveprefix = {arXiv},
  bibsource     = {dblp computer science bibliography, https://dblp.org},
  biburl        = {https://dblp.org/rec/journals/corr/abs-1910-00728.bib},
  xxeprint        = {1910.00728},
  url           = {http://arxiv.org/abs/1910.00728},
}

@inproceedings{DBLP:conf/icse/SemerathNV18,
  author    = {Oszk{\'{a}}r Semer{\'{a}}th and
               Andr{\'{a}}s Szabolcs Nagy and
               D{\'{a}}niel Varr{\'{o}}},
  title     = {A graph solver for the automated generation of consistent domain-specific models},
  booktitle = {{ICSE}},
  pages     = {969--980},
  publisher = {{ACM}},
  year      = {2018},
  url       = {https://doi.org/10.1145/3180155.3180186},
  doi       = {10.1145/3180155.3180186},
  timestamp = {Wed, 16 Oct 2019 14:14:49 +0200},
  biburl    = {https://dblp.org/rec/conf/icse/SemerathNV18.bib},
  bibsource = {dblp computer science bibliography, https://dblp.org}
}

@inproceedings{DBLP:conf/kdd/LeskovecKF05,
  author    = {Jure Leskovec and
               Jon M. Kleinberg and
               Christos Faloutsos},
  title     = {Graphs over time: {D}ensification laws, shrinking diameters and possible explanations},
  booktitle = {{SIGKDD}},
  pages     = {177--187},
  publisher = {{ACM}},
  year      = {2005},
  url       = {https://doi.org/10.1145/1081870.1081893},
  doi       = {10.1145/1081870.1081893},
  timestamp = {Sun, 02 Jun 2019 21:11:55 +0200},
  biburl    = {https://dblp.org/rec/conf/kdd/LeskovecKF05.bib},
  bibsource = {dblp computer science bibliography, https://dblp.org}
}

@inproceedings{DBLP:conf/semweb/TommasiniVMB17,
  author    = {Riccardo Tommasini and
               Emanuele Della Valle and
               Andrea Mauri and
               Marco Brambilla},
  title     = {{RSPLab}: {RDF} Stream Processing Benchmarking Made Easy},
  booktitle = {{ISWC}},
  xxseries    = {Lecture Notes in Computer Science},
  volume    = {10588},
  pages     = {202--209},
  publisher = {Springer},
  year      = {2017},
  url       = {https://doi.org/10.1007/978-3-319-68204-4_21},
  doi       = {10.1007/978-3-319-68204-4_21},
  timestamp = {Wed, 25 Sep 2019 18:15:08 +0200},
  biburl    = {https://dblp.org/rec/conf/semweb/TommasiniVMB17.bib},
  bibsource = {dblp computer science bibliography, https://dblp.org}
}

@inproceedings{DBLP:conf/sigmod/PossSKL02,
  xxauthor = {P{\"{o}}ss},
  author    = {Meikel Poess and
               Bryan Smith and
               Lubor Koll{\'{a}}r and
               Per{-}{\AA}ke Larson},
  title     = {{TPC-DS}, taking decision support benchmarking to the next level},
  booktitle = {{SIGMOD}},
  pages     = {582--587},
  publisher = {{ACM}},
  year      = {2002},
  url       = {https://doi.org/10.1145/564691.564759},
  doi       = {10.1145/564691.564759},
  timestamp = {Tue, 06 Nov 2018 11:07:37 +0100},
  biburl    = {https://dblp.org/rec/conf/sigmod/PossSKL02.bib},
  bibsource = {dblp computer science bibliography, https://dblp.org}
}

@article{DBLP:journals/fgcs/AlabdulkarimBG18,
  author    = {Yazeed Alabdulkarim and
               Sumita Barahmand and
               Shahram Ghandeharizadeh},
  title     = {{BG:} {A} scalable benchmark for interactive social networking actions},
  journal   = {Future Gener. Comput. Syst.},
  volume    = {85},
  pages     = {29--38},
  year      = {2018},
  url       = {https://doi.org/10.1016/j.future.2018.02.031},
  doi       = {10.1016/j.future.2018.02.031},
  timestamp = {Wed, 19 Feb 2020 14:14:54 +0100},
  biburl    = {https://dblp.org/rec/journals/fgcs/AlabdulkarimBG18.bib},
  bibsource = {dblp computer science bibliography, https://dblp.org}
}

@inproceedings{DBLP:conf/hpec/BusatoGBB18,
  author    = {Federico Busato and
               Oded Green and
               Nicola Bombieri and
               David A. Bader},
  title     = {Hornet: {A}n Efficient Data Structure for Dynamic Sparse Graphs and
               Matrices on {GPUs}},
  booktitle = {HPEC},
  pages     = {1--7},
  publisher = {{IEEE}},
  year      = {2018},
  url       = {https://doi.org/10.1109/HPEC.2018.8547541},
  doi       = {10.1109/HPEC.2018.8547541},
  timestamp = {Sat, 19 Oct 2019 20:21:03 +0200},
  biburl    = {https://dblp.org/rec/conf/hpec/BusatoGBB18.bib},
  bibsource = {dblp computer science bibliography, https://dblp.org}
}

@inproceedings{DBLP:conf/chi/BaumerAKLSSW13,
  author    = {Eric P. S. Baumer and
               Phil Adams and
               Vera D. Khovanskaya and
               Tony C. Liao and
               Madeline E. Smith and
               Victoria Schwanda Sosik and
               Kaiton Williams},
  title     = {Limiting, leaving, and (re)lapsing: {A}n exploration of {F}acebook non-use
               practices and experiences},
  booktitle = {{CHI}},
  pages     = {3257--3266},
  publisher = {{ACM}},
  year      = {2013},
  url       = {https://doi.org/10.1145/2470654.2466446},
  doi       = {10.1145/2470654.2466446},
  timestamp = {Tue, 06 Nov 2018 16:58:46 +0100},
  biburl    = {https://dblp.org/rec/conf/chi/BaumerAKLSSW13.bib},
  bibsource = {dblp computer science bibliography, https://dblp.org}
}

@article{DBLP:journals/cluster/BatarfiSFNBBS15,
  author    = {Omar Batarfi and
               Radwa El Shawi and
               Ayman G. Fayoumi and
               Reza Nouri and
               Seyed{-}Mehdi{-}Reza Beheshti and
               Ahmed Barnawi and
               Sherif Sakr},
  title     = {Large scale graph processing systems: {S}urvey and an experimental evaluation},
  journal   = {Cluster Computing},
  volume    = {18},
  number    = {3},
  pages     = {1189--1213},
  year      = {2015},
  url       = {https://doi.org/10.1007/s10586-015-0472-6},
  doi       = {10.1007/s10586-015-0472-6},
  timestamp = {Sun, 02 Jun 2019 21:02:32 +0200},
  biburl    = {https://dblp.org/rec/journals/cluster/BatarfiSFNBBS15.bib},
  bibsource = {dblp computer science bibliography, https://dblp.org}
}

@article{DBLP:journals/corr/abs-1912-12740,
  author    = {Maciej Besta and
               Marc Fischer and
               Vasiliki Kalavri and
               Michael Kapralov and
               Torsten Hoefler},
  title     = {Practice of Streaming and Dynamic Graphs: {C}oncepts, Models, Systems,
               and Parallelism},
  journal   = {CoRR},
  volume    = {abs/1912.12740},
  year      = {2019},
  url       = {http://arxiv.org/abs/1912.12740},
  xxarchivePrefix = {arXiv},
  xxeprint    = {1912.12740},
  timestamp = {Sat, 04 Jan 2020 19:40:16 +0100},
  biburl    = {https://dblp.org/rec/journals/corr/abs-1912-12740.bib},
  bibsource = {dblp computer science bibliography, https://dblp.org}
}

@article{Shang_2010,
    doi = {10.1209/0295-5075/90/48006},
    url = {https://doi.org/10.1209%2F0295-5075%2F90%2F48006},
    year = 2010,
    month = {may},
    publisher = {{IOP} Publishing},
    volume = {90},
    number = {4},
    pages = {48006},
    author = {Ming-Sheng Shang and Linyuan L\"{u} and Yi-Cheng Zhang and Tao Zhou},
    title = {Empirical analysis of web-based user-object bipartite networks},
    journal = {{EPL} (Europhysics Letters)}
}

@inproceedings{Datagen,
    author = "Arnau Prat{-}P{\'{e}}rez",
    title = "{LDBC SNB Datagen}: {U}nder the hood",
    booktitle = "9th LDBC TUC Meeting",
    url = "https://ldbcouncil.org/event/ninth-tuc-meeting/attachments/59277315/75431942.pdf",
    year = 2017,
}

@inproceedings{CCGRID20,
  author    = {Shriram Ramesh and
               Animesh Baranawal and
               Yogesh Simmhan},
  title     = {A Distributed Path Query Engine for Temporal Property Graphs},
  booktitle = {{CCGRID}},
  publisher = {{IEEE/ACM}},
  year      = {2020},
}

@article{DBLP:journals/jea/LoozM18,
  author    = {Moritz von Looz and
               Henning Meyerhenke},
  title     = {Updating Dynamic Random Hyperbolic Graphs in Sublinear Time},
  journal   = {{ACM} Journal of Experimental Algorithmics},
  volume    = {23},
  year      = {2018},
  url       = {https://doi.org/10.1145/3195635},
  doi       = {10.1145/3195635},
  timestamp = {Mon, 16 Sep 2019 14:48:03 +0200},
  biburl    = {https://dblp.org/rec/journals/jea/LoozM18.bib},
  bibsource = {dblp computer science bibliography, https://dblp.org}
}

@inproceedings{DBLP:conf/www/MyersL14,
  author    = {Seth A. Myers and
               Jure Leskovec},
  title     = {The bursty dynamics of the {T}witter information network},
  booktitle = {{WWW}},
  pages     = {913--924},
  publisher = {{ACM}},
  year      = {2014},
  url       = {https://doi.org/10.1145/2566486.2568043},
  doi       = {10.1145/2566486.2568043},
  timestamp = {Sun, 02 Jun 2019 21:15:58 +0200},
  biburl    = {https://dblp.org/rec/conf/www/MyersL14.bib},
  bibsource = {dblp computer science bibliography, https://dblp.org}
}

@inproceedings{DBLP:conf/soda/Roditty13,
  author    = {Liam Roditty},
  title     = {Decremental maintenance of strongly connected components},
  booktitle = {SODA},
  pages     = {1143--1150},
  publisher = {{SIAM}},
  year      = {2013},
  url       = {https://doi.org/10.1137/1.9781611973105.82},
  doi       = {10.1137/1.9781611973105.82},
  timestamp = {Wed, 24 May 2017 08:31:21 +0200},
  biburl    = {https://dblp.org/rec/conf/soda/Roditty13.bib},
  bibsource = {dblp computer science bibliography, https://dblp.org}
}

@inproceedings{DBLP:conf/sc/HoeflerB15,
  author    = {Torsten Hoefler and
               Roberto Belli},
  title     = {Scientific benchmarking of parallel computing systems: {T}welve ways
               to tell the masses when reporting performance results},
  booktitle = {SC},
  pages     = {73:1--73:12},
  publisher = {{ACM}},
  year      = {2015},
  url       = {https://doi.org/10.1145/2807591.2807644},
  doi       = {10.1145/2807591.2807644},
  timestamp = {Tue, 06 Nov 2018 16:59:28 +0100},
  biburl    = {https://dblp.org/rec/conf/sc/HoeflerB15.bib},
  bibsource = {dblp computer science bibliography, https://dblp.org}
}

@article{DBLP:journals/cacm/Allen83,
  author    = {James F. Allen},
  title     = {Maintaining Knowledge about Temporal Intervals},
  journal   = {Commun. {ACM}},
  volume    = {26},
  number    = {11},
  pages     = {832--843},
  year      = {1983},
  url       = {http://doi.acm.org/10.1145/182.358434},
  doi       = {10.1145/182.358434},
  timestamp = {Tue, 07 Jun 2011 16:51:33 +0200},
  biburl    = {https://dblp.org/rec/journals/cacm/Allen83.bib},
  bibsource = {dblp computer science bibliography, https://dblp.org}
}

@inproceedings{DBLP:conf/tpctc/BonczNE13,
  author    = {Peter A. Boncz and
               Thomas Neumann and
               Orri Erling},
  title     = {{TPC-H} Analyzed: {H}idden Messages and Lessons Learned from an Influential Benchmark},
  xxseries    = {Lecture Notes in Computer Science},
  volume    = {8391},
  pages     = {61--76},
  publisher = {Springer},
  year      = {2013},
  url       = {https://doi.org/10.1007/978-3-319-04936-6_5},
  doi       = {10.1007/978-3-319-04936-6_5},
  timestamp = {Tue, 14 May 2019 10:00:46 +0200},
  biburl    = {https://dblp.org/rec/conf/tpctc/BonczNE13.bib},
  bibsource = {dblp computer science bibliography, https://dblp.org}
}

@misc{SIB,
  title = "{Social Network Intelligence BenchMark}",
  author = {Peter Boncz and Minh-Duc Pham and Orri Erling and Ivan Mikhailov and Yrjana Rankka},
  year = {2013},
  url = {https://www.w3.org/wiki/Social_Network_Intelligence_BenchMark}
}

@incollection{DBLP:reference/bdt/Poess19a,
  author    = {Meikel Poess},
  title     = {{TPC-H}},
  booktitle = {Encyclopedia of Big Data Technologies},
  publisher = {Springer},
  year      = {2019},
  url       = {https://doi.org/10.1007/978-3-319-63962-8_126-1},
  doi       = {10.1007/978-3-319-63962-8_126-1},
  timestamp = {Thu, 14 Feb 2019 16:03:55 +0100},
  biburl    = {https://dblp.org/rec/reference/bdt/Poess19a.bib},
  bibsource = {dblp computer science bibliography, https://dblp.org}
}

@incollection{DBLP:reference/bdt/Poess19,
  author    = {Meikel Poess},
  title     = {{TPC-DS}},
  booktitle = {Encyclopedia of Big Data Technologies},
  publisher = {Springer},
  year      = {2019},
  url       = {https://doi.org/10.1007/978-3-319-63962-8_127-1},
  doi       = {10.1007/978-3-319-63962-8_127-1},
  timestamp = {Thu, 14 Feb 2019 16:03:55 +0100},
  biburl    = {https://dblp.org/rec/reference/bdt/Poess19.bib},
  bibsource = {dblp computer science bibliography, https://dblp.org}
}

@InProceedings{Ezhilchelvan2020,
author="Ezhilchelvan, Paul and others",
xxauthor="Ezhilchelvan, Paul
and Mitrani, Isi
and Waudby, Jack
and Webber, Jim",
title="Design and Evaluation of an Edge Concurrency Control Protocol for Distributed Graph Databases",
xxbooktitle="Computer Performance Engineering",
booktitle="EPEW",
year="2020",
xxpublisher="Springer International Publishing",
publisher="Springer",
xxaddress="Cham",
pages="50--64",
isbn="978-3-030-44411-2"
}

@article{DBLP:journals/corr/abs-2002-00501,
  author    = {Zolt{\'{a}}n Kmetty and
               Ren{\'{a}}ta N{\'{e}}meth},
  title     = {Which is your favorite music genre? {A} validity comparison of {F}acebook
               data and survey data},
  journal   = {CoRR},
  volume    = {abs/2002.00501},
  year      = {2020},
  url       = {https://arxiv.org/abs/2002.00501},
  archivePrefix = {arXiv},
  eprint    = {2002.00501},
  timestamp = {Mon, 10 Feb 2020 15:12:57 +0100},
  biburl    = {https://dblp.org/rec/journals/corr/abs-2002-00501.bib},
  bibsource = {dblp computer science bibliography, https://dblp.org}
}

@incollection{Waudby2020,
  author = {Waudby, Jack and Ezhilchelvan, Paul and Webber, Jim and Mitrani, Isi},
  title = {Preserving Reciprocal Consistency in Distributed Graph Databases},
  year = {2020},
  xxisbn = {9781450375245},
  publisher = {ACM},
  url = {https://doi.org/10.1145/3380787.3393675},
  doi = {10.1145/3380787.3393675},
  booktitle = {{PaPoC} at {EuroSys}},
}

@incollection{DBLP:books/sp/18/BonifatiFHI18,
  author    = {Angela Bonifati and
               George H. L. Fletcher and
               Jan Hidders and
               Alexandru Iosup},
  title     = {A Survey of Benchmarks for Graph-Processing Systems},
  booktitle = {Graph Data Management, Fundamental Issues and Recent Developments},
  series    = {Data-Centric Systems and Applications},
  pages     = {163--186},
  publisher = {Springer},
  year      = {2018},
  url       = {https://doi.org/10.1007/978-3-319-96193-4_6},
  doi       = {10.1007/978-3-319-96193-4_6},
  timestamp = {Tue, 14 May 2019 11:09:42 +0200},
  biburl    = {https://dblp.org/rec/books/sp/18/BonifatiFHI18.bib},
  bibsource = {dblp computer science bibliography, https://dblp.org}
}

@article{DBLP:journals/fgcs/SteerCC20,
  author    = {Benjamin A. Steer and
               F{\'{e}}lix Cuadrado and
               Richard G. Clegg},
  title     = {Raphtory: {S}treaming analysis of distributed temporal graphs},
  journal   = {Future Gener. Comput. Syst.},
  volume    = {102},
  pages     = {453--464},
  year      = {2020},
  url       = {https://doi.org/10.1016/j.future.2019.08.022},
  doi       = {10.1016/j.future.2019.08.022},
  timestamp = {Fri, 27 Mar 2020 08:33:00 +0100},
  biburl    = {https://dblp.org/rec/journals/fgcs/SteerCC20.bib},
  bibsource = {dblp computer science bibliography, https://dblp.org}
}

@article{DBLP:journals/corr/abs-1911-02780,
  author    = {Hongchao Qin and
               Rong{-}Hua Li and
               Guoren Wang and
               Lu Qin and
               Ye Yuan and
               Zhiwei Zhang},
  title     = {Mining Bursting Communities in Temporal Graphs},
  journal   = {CoRR},
  volume    = {abs/1911.02780},
  year      = {2019},
  url       = {http://arxiv.org/abs/1911.02780},
  archivePrefix = {arXiv},
  eprint    = {1911.02780},
  timestamp = {Mon, 11 Nov 2019 18:38:09 +0100},
  biburl    = {https://dblp.org/rec/journals/corr/abs-1911-02780.bib},
  bibsource = {dblp computer science bibliography, https://dblp.org}
}

@inproceedings{DBLP:conf/esa/RodittyZ04,
  author    = {Liam Roditty and
               Uri Zwick},
  title     = {On Dynamic Shortest Paths Problems},
  booktitle = {ESA},
  xxbooktitle = {Algorithms - {ESA} 2004, 12th Annual European Symposium, Bergen, Norway,
               September 14-17, 2004, Proceedings},
  series    = {Lecture Notes in Computer Science},
  volume    = {3221},
  pages     = {580--591},
  publisher = {Springer},
  year      = {2004},
  url       = {https://doi.org/10.1007/978-3-540-30140-0_52},
  doi       = {10.1007/978-3-540-30140-0_52},
  timestamp = {Tue, 14 May 2019 10:00:54 +0200},
  biburl    = {https://dblp.org/rec/conf/esa/RodittyZ04.bib},
  bibsource = {dblp computer science bibliography, https://dblp.org}
}

@inproceedings{DBLP:conf/grades/ErbMKSCMP18,
  author    = {Benjamin Erb and
               Dominik Mei{\ss}ner and
               Frank Kargl and
               Benjamin A. Steer and
               F{\'{e}}lix Cuadrado and
               Domagoj Margan and
               Peter R. Pietzuch},
  title     = {Graph{T}ides: {A} framework for evaluating stream-based graph processing
               platforms},
  xxbooktitle = {Proceedings of the 1st {ACM} {SIGMOD} Joint International Workshop
               on Graph Data Management Experiences {\&} Systems {(GRADES)} and
               Network Data Analytics (NDA), Houston, TX, USA, June 10, 2018},
  booktitle = {GRADES-NDA at SIGMOD/PODS},
  pages     = {3:1--3:10},
  publisher = {{ACM}},
  year      = {2018},
  url       = {https://doi.org/10.1145/3210259.3210262},
  doi       = {10.1145/3210259.3210262},
  timestamp = {Sat, 19 Oct 2019 20:36:02 +0200},
  biburl    = {https://dblp.org/rec/conf/grades/ErbMKSCMP18.bib},
  bibsource = {dblp computer science bibliography, https://dblp.org}
}

@techreport{tpce,
  author={{TPC (Transaction Processing Performance Council)}},
  title={{TPC Benchmark E}, revision 1.14.0},
  url={http://www.tpc.org/tpc_documents_current_versions/pdf/tpc-e_v1.14.0.pdf},
  pages={1--287},
  year={2015}
}


@article{DBLP:journals/corr/abs-2003-10554,
  author    = {Kyle Kingsbury and
               Peter Alvaro},
  title     = {Elle: {I}nferring Isolation Anomalies from Experimental Observations},
  journal   = {CoRR},
  volume    = {abs/2003.10554},
  year      = {2020},
  url       = {https://arxiv.org/abs/2003.10554},
  xxarchivePrefix = {arXiv},
  xxeprint    = {2003.10554},
  timestamp = {Wed, 01 Apr 2020 17:39:12 +0200},
  biburl    = {https://dblp.org/rec/journals/corr/abs-2003-10554.bib},
  bibsource = {dblp computer science bibliography, https://dblp.org},
  xxnote      = "\url{https://arxiv.org/abs/2003.10554}",
}

@inproceedings{DBLP:conf/sigmod/BerensonBGMOO95,
  author    = {Hal Berenson and
               Philip A. Bernstein and
               Jim Gray and
               Jim Melton and
               Elizabeth J. O'Neil and
               Patrick E. O'Neil},
  title     = {A Critique of {ANSI} {SQL} Isolation Levels},
  xxbooktitle = {Proceedings of the 1995 {ACM} {SIGMOD} International Conference on
               Management of Data, San Jose, California, USA, May 22-25, 1995},
  booktitle = {{SIGMOD}},
  pages     = {1--10},
  publisher = {{ACM} Press},
  year      = {1995},
  url       = {https://doi.org/10.1145/223784.223785},
  doi       = {10.1145/223784.223785},
  timestamp = {Tue, 06 Nov 2018 11:07:40 +0100},
  biburl    = {https://dblp.org/rec/conf/sigmod/BerensonBGMOO95.bib},
  bibsource = {dblp computer science bibliography, https://dblp.org}
}

@phdthesis{adya1999weak,
  title={Weak consistency: {A} generalized theory and optimistic implementations for distributed transactions},
  author={Adya, Atul},
  year={1999},
  xxschool={Massachusetts Institute of Technology},
  school={MIT},
  type = {{Ph.D. dissertation}},
  xxnote = "\url{http://pmg.csail.mit.edu/papers/adya-phd.pdf}",
}

@article{DBLP:journals/tods/FeketeLOOS05,
  author    = {Alan Fekete and
               Dimitrios Liarokapis and
               Elizabeth J. O'Neil and
               Patrick E. O'Neil and
               Dennis E. Shasha},
  title     = {Making snapshot isolation serializable},
  journal   = {{ACM} Trans. Database Syst.},
  volume    = {30},
  number    = {2},
  pages     = {492--528},
  year      = {2005},
  url       = {https://doi.org/10.1145/1071610.1071615},
  doi       = {10.1145/1071610.1071615},
  timestamp = {Tue, 06 Nov 2018 12:51:48 +0100},
  biburl    = {https://dblp.org/rec/journals/tods/FeketeLOOS05.bib},
  bibsource = {dblp computer science bibliography, https://dblp.org}
}

@article{DBLP:journals/pvldb/BailisDFGHS13,
  author    = {Peter Bailis and others},
  xxauthor    = {Peter Bailis and
               Aaron Davidson and
               Alan Fekete and
               Ali Ghodsi and
               Joseph M. Hellerstein and
               Ion Stoica},
  title     = {Highly Available Transactions: {V}irtues and Limitations},
  xxjournal   = {Proc. {VLDB} Endow.},
  journal   = {VLDB},
  xxvolume    = {7},
  xxnumber    = {3},
  xxpages     = {181--192},
  year      = {2013},
  url       = {http://www.vldb.org/pvldb/vol7/p181-bailis.pdf},
  doi       = {10.14778/2732232.2732237},
  timestamp = {Sat, 25 Apr 2020 13:59:01 +0200},
  biburl    = {https://dblp.org/rec/journals/pvldb/BailisDFGHS13.bib},
  bibsource = {dblp computer science bibliography, https://dblp.org}
}

@article{DBLP:journals/tods/BailisFGHS16,
  author    = {Peter Bailis and
               Alan Fekete and
               Ali Ghodsi and
               Joseph M. Hellerstein and
               Ion Stoica},
  title     = {Scalable Atomic Visibility with {RAMP} Transactions},
  journal   = {{ACM} Trans. Database Syst.},
  xxvolume    = {41},
  xxnumber    = {3},
  xxpages     = {15:1--15:45},
  year      = {2016},
  url       = {https://doi.org/10.1145/2909870},
  doi       = {10.1145/2909870},
  timestamp = {Tue, 06 Nov 2018 12:51:47 +0100},
  biburl    = {https://dblp.org/rec/journals/tods/BailisFGHS16.bib},
  bibsource = {dblp computer science bibliography, https://dblp.org}
}

@inproceedings{DBLP:conf/concur/Cerone0G15,
  author    = {Andrea Cerone and
               Giovanni Bernardi and
               Alexey Gotsman},
  title     = {A Framework for Transactional Consistency Models with Atomic Visibility},
  xxbooktitle = {26th International Conference on Concurrency Theory, {CONCUR} 2015,
               Madrid, Spain, September 1.4, 2015},
  booktitle = {{CONCUR}},
  xxseries    = {LIPIcs},
  xxvolume    = {42},
  pages     = {58--71},
  xxpublisher = {Schloss Dagstuhl - Leibniz-Zentrum f{\"{u}}r Informatik},
  year      = {2015},
  url       = {https://doi.org/10.4230/LIPIcs.CONCUR.2015.58},
  doi       = {10.4230/LIPIcs.CONCUR.2015.58},
  timestamp = {Tue, 11 Feb 2020 15:52:14 +0100},
  biburl    = {https://dblp.org/rec/conf/concur/Cerone0G15.bib},
  bibsource = {dblp computer science bibliography, https://dblp.org}
}

@inproceedings{DBLP:conf/podc/CrooksPAC17,
  author    = {Natacha Crooks and
               Youer Pu and
               Lorenzo Alvisi and
               Allen Clement},
  title     = {Seeing is Believing: {A} Client-Centric Specification of Database
               Isolation},
  booktitle = {{PODC}},
  xxbooktitle = {Proceedings of the {ACM} Symposium on Principles of Distributed Computing,
               {PODC} 2017, Washington, DC, USA, July 25-27, 2017},
  pages     = {73--82},
  publisher = {{ACM}},
  year      = {2017},
  url       = {https://doi.org/10.1145/3087801.3087802},
  doi       = {10.1145/3087801.3087802},
  timestamp = {Tue, 06 Nov 2018 11:07:18 +0100},
  biburl    = {https://dblp.org/rec/conf/podc/CrooksPAC17.bib},
  bibsource = {dblp computer science bibliography, https://dblp.org}
}

@article{DBLP:journals/sigmod/PavloA16,
  author    = {Andrew Pavlo and
               Matthew Aslett},
  title     = {What's Really New with {NewSQL}?},
  journal   = {{SIGMOD} Rec.},
  xxvolume    = {45},
  xxnumber    = {2},
  xxpages     = {45--55},
  year      = {2016},
  url       = {https://doi.org/10.1145/3003665.3003674},
  doi       = {10.1145/3003665.3003674},
  timestamp = {Fri, 06 Mar 2020 21:55:56 +0100},
  biburl    = {https://dblp.org/rec/journals/sigmod/PavloA16.bib},
  bibsource = {dblp computer science bibliography, https://dblp.org}
}

@misc{kingsbury,
  title={Jepsen Analyses},
  note="\url{http://jepsen.io/analyses}",
  author={Kingsbury, Kyle},
  year=2020,
}

@article{DBLP:journals/sosym/SemerathBHSV17,
  author    = {Oszk{\'{a}}r Semer{\'{a}}th and others},
  xxauthor    = {Oszk{\'{a}}r Semer{\'{a}}th and
               {\'{A}}gnes Barta and
               {\'{A}}kos Horv{\'{a}}th and
               Zolt{\'{a}}n Szatm{\'{a}}ri and
               D{\'{a}}niel Varr{\'{o}}},
  title     = {Formal validation of domain-specific languages with derived features and well-formedness constraints},
  journal   = {Softw. Syst. Model.},
  volume    = {16},
  number    = {2},
  pages     = {357--392},
  year      = {2017},
  url       = {https://doi.org/10.1007/s10270-015-0485-x},
  doi       = {10.1007/s10270-015-0485-x},
  timestamp = {Mon, 19 Aug 2019 19:38:26 +0200},
  biburl    = {https://dblp.org/rec/journals/sosym/SemerathBHSV17.bib},
  bibsource = {dblp computer science bibliography, https://dblp.org}
}

@misc{sqlfound51:online,
author = {Jim Melton},
title = {{ANSI/ISO SQL-92 S}pecification},
howpublished = {\url{http://www.inf.fu-berlin.de/lehre/SS05/19517-V/FolienEtc/sql-foundation-aug94.pdf}},
month = {August},
year = {1994},
xxnote = {(Accessed on 06/04/2020)},
}

@inproceedings{DBLP:conf/ds/GrayLPT76,
  author    = {Jim Gray and
               Raymond A. Lorie and
               Gianfranco R. Putzolu and
               Irving L. Traiger},
  title     = {Granularity of Locks and Degrees of Consistency in a Shared Data Base},
  booktitle = {{IFIP} Working Conference on Modelling in Data Base Management Systems},
  pages     = {365--394},
  year      = {1976},
  timestamp = {Mon, 06 Nov 2017 16:35:11 +0100},
  biburl    = {https://dblp.org/rec/conf/ds/GrayLPT76.bib},
  bibsource = {dblp computer science bibliography, https://dblp.org}
}

@inproceedings{DBLP:conf/vldb/StonebrakerMAHHH07,
  author    = {Michael Stonebraker and
               Samuel Madden and
               Daniel J. Abadi and
               Stavros Harizopoulos and
               Nabil Hachem and
               Pat Helland},
  title     = {The End of an Architectural Era ({I}t's Time for a Complete Rewrite)},
  xxbooktitle = {Proceedings of the 33rd International Conference on Very Large Data
               Bases, University of Vienna, Austria, September 23-27, 2007},
  booktitle = {VLDB},
  pages     = {1150--1160},
  publisher = {{ACM}},
  year      = {2007},
  url       = {http://www.vldb.org/conf/2007/papers/industrial/p1150-stonebraker.pdf},
  timestamp = {Thu, 12 Mar 2020 11:34:02 +0100},
  biburl    = {https://dblp.org/rec/conf/vldb/StonebrakerMAHHH07.bib},
  bibsource = {dblp computer science bibliography, https://dblp.org}
}

@inproceedings{DBLP:conf/icde/DeyFNR14,
  author    = {Akon Dey and
               Alan Fekete and
               Raghunath Nambiar and
               Uwe R{\"{o}}hm},
  title     = {{YCSB+T:} {B}enchmarking web-scale transactional databases},
  booktitle = {{ICDE}},
  xxbooktitle = {Workshops Proceedings of the 30th International Conference on Data
               Engineering Workshops, {ICDE} 2014, Chicago, IL, USA, March 31 - April
               4, 2014},
  pages     = {223--230},
  publisher = {{IEEE} Computer Society},
  year      = {2014},
  url       = {https://doi.org/10.1109/ICDEW.2014.6818330},
  doi       = {10.1109/ICDEW.2014.6818330},
  timestamp = {Sat, 19 Oct 2019 20:26:44 +0200},
  biburl    = {https://dblp.org/rec/conf/icde/DeyFNR14.bib},
  bibsource = {dblp computer science bibliography, https://dblp.org}
}

@misc{CypherStyleGuide,
  author = "Petra Selmer and others",
  title = "The {C}ypher style guide",
  note = "\url{https://github.com/opencypher/openCypher/blob/master/docs/style-guide.adoc}",
  year = 2018,
}

@misc{Hermitage,
  author = "Martin Kleppmann",
  title = "Hermitage: {T}esting transaction isolation levels",
  note = "\url{https://github.com/ept/hermitage}",
  year = 2020,
}

@misc{Gremlin,
  author = "Apache TinkerPop",
  title = "The {G}remlin {G}raph {T}raversal {M}achine and {L}anguage",
  note = "\url{http://tinkerpop.apache.org/gremlin.html}",
  year = 2020,
}

@misc{GraphQL,
  author = "{The GraphQL Foundation}",
  title = "{{GraphQL}}",
  note = "\url{https://graphql.org/}",
  year = 2020,
}

@article{DBLP:journals/pvldb/ShastriBWKC20,
  author    = {Supreeth Shastri and
               Vinay Banakar and
               Melissa Wasserman and
               Arun Kumar and
               Vijay Chidambaram},
  title     = {Understanding and Benchmarking the Impact of {GDPR} on Database Systems},
  journal   = {Proc. {VLDB} Endow.},
  volume    = {13},
  number    = {7},
  pages     = {1064--1077},
  year      = {2020},
  url       = {http://www.vldb.org/pvldb/vol13/p1064-shastri.pdf},
  timestamp = {Sat, 25 Apr 2020 13:59:04 +0200},
  biburl    = {https://dblp.org/rec/journals/pvldb/ShastriBWKC20.bib},
  bibsource = {dblp computer science bibliography, https://dblp.org}
}

@inproceedings{DBLP:conf/sigmod/WangY20,
  author    = {Qichen Wang and
               Ke Yi},
  title     = {Maintaining Acyclic Foreign-Key Joins under Updates},
  booktitle = {SIGMOD},
  pages     = {1225--1239},
  publisher = {{ACM}},
  year      = {2020},
  url       = {https://doi.org/10.1145/3318464.3380586},
  doi       = {10.1145/3318464.3380586},
  timestamp = {Fri, 21 Aug 2020 17:36:54 +0200},
  biburl    = {https://dblp.org/rec/conf/sigmod/WangY20.bib},
  bibsource = {dblp computer science bibliography, https://dblp.org}
}

@article{DBLP:journals/pvldb/DreselerBRU20,
  author    = {Markus Dreseler and
               Martin Boissier and
               Tilmann Rabl and
               Matthias Uflacker},
  title     = {Quantifying {TPC-H} Choke Points and Their Optimizations},
  journal   = {Proc. {VLDB} Endow.},
  volume    = {13},
  number    = {8},
  pages     = {1206--1220},
  year      = {2020},
  url       = {http://www.vldb.org/pvldb/vol13/p1206-dreseler.pdf},
  timestamp = {Wed, 13 May 2020 17:45:23 +0200},
  biburl    = {https://dblp.org/rec/journals/pvldb/DreselerBRU20.bib},
  bibsource = {dblp computer science bibliography, https://dblp.org}
}

@article{DBLP:journals/corr/abs-2010-12243,
  author    = {M{\'{a}}rton Elekes and
               J{\'{a}}nos Benjamin Antal and
               G{\'{a}}bor Sz{\'{a}}rnyas},
  title     = {An analysis of the {SIGMOD} 2014 {P}rogramming {C}ontest: {C}omplex queries on the {LDBC} social network graph},
  journal   = {CoRR},
  volume    = {abs/2010.12243},
  year      = {2020},
  url       = {https://arxiv.org/abs/2010.12243},
  archivePrefix = {arXiv},
  eprint    = {2010.12243},
  timestamp = {Tue, 27 Oct 2020 11:22:08 +0100},
  biburl    = {https://dblp.org/rec/journals/corr/abs-2010-12243.bib},
  bibsource = {dblp computer science bibliography, https://dblp.org}
}

@inproceedings{DBLP:conf/cscw/AlmuhimediWLSA13,
  author    = {Hazim Almuhimedi and
               Shomir Wilson and
               Bin Liu and
               Norman M. Sadeh and
               Alessandro Acquisti},
  editor    = {Amy S. Bruckman and
               Scott Counts and
               Cliff Lampe and
               Loren G. Terveen},
  title     = {Tweets are forever: a large-scale quantitative analysis of deleted
               tweets},
  booktitle = {Computer Supported Cooperative Work, {CSCW} 2013, San Antonio, TX,
               USA, February 23-27, 2013},
  pages     = {897--908},
  publisher = {{ACM}},
  year      = {2013},
  url       = {https://doi.org/10.1145/2441776.2441878},
  doi       = {10.1145/2441776.2441878},
  timestamp = {Tue, 15 Sep 2020 08:36:55 +0200},
  biburl    = {https://dblp.org/rec/conf/cscw/AlmuhimediWLSA13.bib},
  bibsource = {dblp computer science bibliography, https://dblp.org}
}

@misc{cwi:snb,
  author = {Gábor Szárnyas},
  title = {LDBC Social Network Benchmark graphs},
  doi = {10.25606/SURF.8f3ac424d6694282},
  howpublished = {\url{https://hdl.handle.net/11112/e6e00558-a2c3-9214-473e-04a16de09bf8}}
}

@article{DBLP:journals/sigmod/OlteanuS16,
  author    = {Dan Olteanu and
               Maximilian Schleich},
  title     = {Factorized Databases},
  journal   = {{SIGMOD} Rec.},
  volume    = {45},
  number    = {2},
  pages     = {5--16},
  year      = {2016},
  url       = {https://doi.org/10.1145/3003665.3003667},
  doi       = {10.1145/3003665.3003667},
  timestamp = {Fri, 06 Mar 2020 21:56:19 +0100},
  biburl    = {https://dblp.org/rec/journals/sigmod/OlteanuS16.bib},
  bibsource = {dblp computer science bibliography, https://dblp.org}
}

@inproceedings{DBLP:conf/bigdataconf/MizellMR14,
  author    = {David Mizell and
               Kristyn J. Maschhoff and
               Steven P. Reinhardt},
  title     = {Extending {SPARQL} with graph functions},
  booktitle = {{BigData}},
  pages     = {46--53},
  publisher = {{IEEE} Computer Society},
  year      = {2014},
  url       = {https://doi.org/10.1109/BigData.2014.7004371},
  doi       = {10.1109/BigData.2014.7004371},
  timestamp = {Fri, 19 Nov 2021 16:08:20 +0100},
  biburl    = {https://dblp.org/rec/conf/bigdataconf/MizellMR14.bib},
  bibsource = {dblp computer science bibliography, https://dblp.org}
}

@inproceedings{DBLP:conf/sigmod/DeutschFGHLLLMM22,
  author    = {Alin Deutsch and
               Nadime Francis and
               Alastair Green and
               Keith Hare and
               Bei Li and
               Leonid Libkin and
               Tobias Lindaaker and
               Victor Marsault and
               Wim Martens and
               Jan Michels and
               Filip Murlak and
               Stefan Plantikow and
               Petra Selmer and
               Oskar van Rest and
               Hannes Voigt and
               Domagoj Vrgoc and
               Mingxi Wu and
               Fred Zemke},
  title     = {Graph Pattern Matching in {GQL} and {SQL/PGQ}},
  booktitle = {{SIGMOD}},
  pages     = {2246--2258},
  publisher = {{ACM}},
  year      = {2022},
  url       = {https://doi.org/10.1145/3514221.3526057},
  doi       = {10.1145/3514221.3526057},
  timestamp = {Tue, 14 Jun 2022 18:31:24 +0200},
  biburl    = {https://dblp.org/rec/conf/sigmod/DeutschFGHLLLMM22.bib},
  bibsource = {dblp computer science bibliography, https://dblp.org}
}

@article{DBLP:journals/pvldb/GuptaMS21,
  author    = {Pranjal Gupta and
               Amine Mhedhbi and
               Semih Salihoglu},
  title     = {Columnar Storage and List-based Processing for Graph Database Management
               Systems},
  journal   = {Proc. {VLDB} Endow.},
  volume    = {14},
  number    = {11},
  pages     = {2491--2504},
  year      = {2021},
  url       = {http://www.vldb.org/pvldb/vol14/p2491-gupta.pdf},
  doi       = {10.14778/3476249.3476297},
  timestamp = {Thu, 21 Apr 2022 17:09:21 +0200},
  biburl    = {https://dblp.org/rec/journals/pvldb/GuptaMS21.bib},
  bibsource = {dblp computer science bibliography, https://dblp.org}
}

@inproceedings{DBLP:conf/www/GuptaGLSWZ13,
  author    = {Pankaj Gupta and
               Ashish Goel and
               Jimmy Lin and
               Aneesh Sharma and
               Dong Wang and
               Reza Zadeh},
  title     = {{WTF:} {T}he who to follow service at {T}witter},
  booktitle = {{WWW}},
  pages     = {505--514},
  publisher = {International World Wide Web Conferences Steering Committee / {ACM}},
  year      = {2013},
  url       = {https://doi.org/10.1145/2488388.2488433},
  doi       = {10.1145/2488388.2488433},
  timestamp = {Fri, 27 Aug 2021 11:12:58 +0200},
  biburl    = {https://dblp.org/rec/conf/www/GuptaGLSWZ13.bib},
  bibsource = {dblp computer science bibliography, https://dblp.org}
}

@book{DBLP:books/daglib/0009092,
  author    = {Yousef Saad},
  title     = {Iterative methods for sparse linear systems},
  publisher = {{SIAM}},
  year      = {2003},
  url       = {https://doi.org/10.1137/1.9780898718003},
  doi       = {10.1137/1.9780898718003},
  isbn      = {978-0-89871-534-7},
  timestamp = {Tue, 16 May 2017 14:01:41 +0200},
  biburl    = {https://dblp.org/rec/bib/books/daglib/0009092},
  bibsource = {dblp computer science bibliography, https://dblp.org}
}

@article{DBLP:journals/pvldb/SzarnyasWSSBWZB22,
 author = {Gábor Szárnyas and
    Jack Waudby and
    Benjamin A. Steer and
    Dávid Szakállas and
    Altan Birler and
    Mingxi Wu and
    Yuchen Zhang and
    Peter A. Boncz},
 bibsource = {dblp computer science bibliography, https://dblp.org},
 biburl = {https://dblp.org/rec/journals/pvldb/SzarnyasWSSBWZB22.bib},
 journal = {Proc. VLDB Endow.},
 number = {4},
 pages = {877--890},
 timestamp = {Wed, 11 Jan 2023 17:06:38 +0100},
 title = {The {LDBC} {S}ocial {N}etwork {B}enchmark: {B}usiness {I}ntelligence Workload},
 url = {https://ldbcouncil.org/docs/papers/ldbc-snb-bi-vldb-2022.pdf},
 volume = {16},
 year = {2022}
}

@article{DBLP:journals/jal/MeyerS03,
  author       = {Ulrich Meyer and
                  Peter Sanders},
  title        = {Delta-stepping: {A} parallelizable shortest path algorithm},
  journal      = {J. Algorithms},
  volume       = {49},
  number       = {1},
  pages        = {114--152},
  year         = {2003},
  url          = {https://doi.org/10.1016/S0196-6774(03)00076-2},
  doi          = {10.1016/S0196-6774(03)00076-2},
  timestamp    = {Tue, 25 Jul 2017 16:35:21 +0200},
  biburl       = {https://dblp.org/rec/journals/jal/MeyerS03.bib},
  bibsource    = {dblp computer science bibliography, https://dblp.org}
}

@article{DBLP:journals/corr/abs-2307-04820,
  author       = {David P{\"{u}}roja and
                  Jack Waudby and
                  Peter A. Boncz and
                  G{\'{a}}bor Sz{\'{a}}rnyas},
  title        = {The {LDBC} {Social Network Benchmark Interactive} workload v2: {A} transactional
                  graph query benchmark with deep delete operations},
  journal      = {CoRR},
  volume       = {abs/2307.04820},
  year         = {2023},
  url          = {https://doi.org/10.48550/arXiv.2307.04820},
  doi          = {10.48550/arXiv.2307.04820},
  eprinttype    = {arXiv},
  eprint       = {2307.04820},
  timestamp    = {Mon, 24 Jul 2023 16:32:58 +0200},
  biburl       = {https://dblp.org/rec/journals/corr/abs-2307-04820.bib},
  bibsource    = {dblp computer science bibliography, https://dblp.org}
}

@article{DBLP:journals/corr/abs-2307-04350,
  author       = {G{\'{a}}bor Sz{\'{a}}rnyas and
                  Brad Bebee and
                  Altan Birler and
                  Alin Deutsch and
                  George Fletcher and
                  Henry A. Gabb and
                  Denise Gosnell and
                  Alastair Green and
                  Zhihui Guo and
                  Keith W. Hare and
                  Jan Hidders and
                  Alexandru Iosup and
                  Atanas Kiryakov and
                  Tomas Kovatchev and
                  Xinsheng Li and
                  Leonid Libkin and
                  Heng Lin and
                  Xiaojian Luo and
                  Arnau Prat{-}P{\'{e}}rez and
                  David P{\"{u}}roja and
                  Shipeng Qi and
                  Oskar van Rest and
                  Benjamin A. Steer and
                  D{\'{a}}vid Szak{\'{a}}llas and
                  Bing Tong and
                  Jack Waudby and
                  Mingxi Wu and
                  Bin Yang and
                  Wenyuan Yu and
                  Chen Zhang and
                  Jason Zhang and
                  Yan Zhou and
                  Peter A. Boncz},
  title        = {The {Linked Data Benchmark Council} {(LDBC):} {D}riving competition and
                  collaboration in the graph data management space},
  journal      = {CoRR},
  volume       = {abs/2307.04350},
  year         = {2023},
  url          = {https://doi.org/10.48550/arXiv.2307.04350},
  doi          = {10.48550/arXiv.2307.04350},
  eprinttype    = {arXiv},
  eprint       = {2307.04350},
  timestamp    = {Mon, 24 Jul 2023 16:32:58 +0200},
  biburl       = {https://dblp.org/rec/journals/corr/abs-2307-04350.bib},
  bibsource    = {dblp computer science bibliography, https://dblp.org}
}

@article{lit:networkit,
  author    = {Christian L. Staudt and
               Aleksejs Sazonovs and
               Henning Meyerhenke},
  title     = {{NetworKit}: {A} tool suite for large-scale complex network analysis},
  journal   = {Netw. Sci.},
  volume    = {4},
  number    = {4},
  pages     = {508--530},
  year      = {2016},
  url       = {https://doi.org/10.1017/nws.2016.20},
  doi       = {10.1017/nws.2016.20},
  timestamp = {Mon, 11 May 2020 15:46:32 +0200},
  biburl    = {https://dblp.org/rec/journals/netsci/StaudtSM16.bib},
  bibsource = {dblp computer science bibliography, https://dblp.org}
}

@mastersthesis{david-puroja-msc,
	author = {David P\"{u}roja},
  title = {{LDBC} {S}ocial {N}etwork {B}enchmark {I}nteractive v2},
  school = {Universiteit van Amsterdam},
	year = {2023},
	type = {Master{\textquoteright}s thesis},
  note = {\url{https://ldbcouncil.org/docs/papers/msc-thesis-david-puroja-snb-interactive-v2-2023.pdf}},
}

@incollection{DBLP:reference/bdt/Raab19,
  author       = {Francois Raab},
  editor       = {Sherif Sakr and
                  Albert Y. Zomaya},
  title        = {Auditing},
  booktitle    = {Encyclopedia of Big Data Technologies},
  publisher    = {Springer},
  year         = {2019},
  url          = {https://doi.org/10.1007/978-3-319-63962-8_125-1},
  doi          = {10.1007/978-3-319-63962-8_125-1},
  timestamp    = {Thu, 14 Feb 2019 16:03:55 +0100},
  biburl       = {https://dblp.org/rec/reference/bdt/Raab19.bib},
  bibsource    = {dblp computer science bibliography, https://dblp.org}
}
